---
---

@article{east2009maternal,
  title={Maternal effects on offspring social status in spotted hyenas},
  author={East, Marion L and H{\"o}ner, Oliver P and Wachter, Bettina and Wilhelm, Kerstin and Burke, Terry and Hofer, Heribert},
  journal={Behavioral Ecology},
  volume={20},
  number={3},
  pages={478--483},
  year={2009},
  publisher={Oxford University Press}
}

@article{ilany2021rank,
  title={Rank-dependent social inheritance determines social network structure in spotted hyenas},
  author={Ilany, Amiyaal and Holekamp, Kay E and Ak{\c{c}}ay, Erol},
  journal={Science},
  volume={373},
  number={6552},
  pages={348--352},
  year={2021},
  publisher={American Association for the Advancement of Science}
}

@article{martin1978decay,
  title={Decay of Douglas-fir by Sparassis radicata in Arizona},
  author={Martin, KJ and Gilbertson, RL},
  journal={Phytopathology},
  volume={68},
  pages={149--154},
  year={1978}
}


@article{kimura1962probability,
  title={On the probability of fixation of mutant genes in a population},
  author={Kimura, Motoo},
  journal={Genetics},
  volume={47},
  number={6},
  pages={713},
  year={1962},
  publisher={Genetics Society of America}
}


@Article{Fisher:1918,
  author = 	 {Fisher, R. A.},
  title = 	 {The correlation between relatives on the supposition of Mendelian inheritance},
  journal = 	 { Trans. R. Soc.},
  year = 	 {1918},
  OPTkey = 	 {},
  volume = 	 {52},
  OPTnumber = 	 {},
  pages = 	 {399–433},
  OPTmonth = 	 {},
  OPTnote = 	 {},
  OPTannote = 	 {}
}



@book{hansen2013sterilized,
  title={Sterilized by the state: eugenics, race, and the population scare in twentieth-century North America},
  author={Hansen, Randall and King, Desmond},
  year={2013},
  publisher={Cambridge University Press}
}

@article{nei1973linkage,
  title={Linkage disequilibrium in subdivided populations},
  author={Nei, Masatoshi and Li, Wen-Hsiung},
  journal={Genetics},
  volume={75},
  number={1},
  pages={213--219},
  year={1973},
  publisher={Genetics Soc America}
}




@article{pybus2003epidemiology,
  title={The epidemiology and iatrogenic transmission of hepatitis C virus in Egypt: a Bayesian coalescent approach},
  author={Pybus, OG and Drummond, AJ and Nakano, T and Robertson, BH and Rambaut, A},
  journal={Molecular biology and evolution},
  volume={20},
  number={3},
  pages={381--387},
  year={2003},
  publisher={Oxford University Press}
}

@article{baranova2015extraordinary,
  title={Extraordinary genetic diversity in a wood decay mushroom},
  author={Baranova, Maria A and Logacheva, Maria D and Penin, Aleksey A and Seplyarskiy, Vladimir B and Safonova, Yana Y and Naumenko, Sergey A and Klepikova, Anna V and Gerasimov, Evgeny S and Bazykin, Georgii A and James, Timothy Y and others},
  journal={Molecular biology and evolution},
  volume={32},
  number={10},
  pages={2775--2783},
  year={2015},
  publisher={Oxford University Press}
}


@InBook{soule1976allozyme,
  chapter={Allozyme variation, its determinats in space and time},
  author={Soul{\'e}, Michael E},
  title={Molecular Evolution},
  pages={60--77},
  year={1976},
  publisher={Sinauer associates},
  OPTkey = 	 {},
  OPTvolume = 	 {},
  OPTnumber = 	 {},
  OPTseries = 	 {},
  OPTtype = 	 {},
  OPTaddress = 	 {},
  OPTedition = 	 {},
  OPTmonth = 	 {},
  OPTpages = 	 {},
  OPTnote = 	 {},
  OPTannote = 	 {}
}



@article{hardy1908mendelian,
  title={Mendelian proportions in a mixed population},
  author={Hardy, Godfrey H and others},
  journal={Science},
  volume={28},
  number={706},
  pages={49--50},
  year={1908}
}

@article{frankham1996relationship,
  title={Relationship of genetic variation to population size in wildlife},
  author={Frankham, Richard},
  journal={Conservation biology},
  volume={10},
  number={6},
  pages={1500--1508},
  year={1996},
  publisher={Wiley Online Library}
}

@article{weinberg1908ber,
  title={\"Uber den Nachweis der Vererbung beim Menschen},
  author={Weinberg, Wilhelm},
  journal={Jahres. Wiertt. Ver. Vaterl. Natkd.},
  volume={64},
  pages={369--382},
  year={1908}
}

@article{paul2014wrong,
  title={What was wrong with eugenics? Conflicting narratives and disputed interpretations},
  author={Paul, Diane B},
  journal={Science \& Education},
  volume={23},
  number={2},
  pages={259--271},
  year={2014},
  publisher={Springer}
}

@article{weinberg1909vererbungsgesetze,
  title={{\"U}ber Vererbungsgesetze beim Menschen},
  author={Weinberg, Wilhelm},
  journal={Zeitschrift f{\"u}r induktive Abstammungs-und Vererbungslehre},
  volume={2},
  number={1},
  pages={276--330},
  year={1909},
  publisher={Springer}
}



@article{slatkin2008linkage,
  title={Linkage disequilibrium—understanding the evolutionary past and mapping the medical future},
  author={Slatkin, Montgomery},
  journal={Nature Reviews Genetics},
  volume={9},
  number={6},
  pages={477--485},
  year={2008},
  publisher={Nature Publishing Group}
}

@article{jennings1917numerical,
  title={The numerical results of diverse systems of breeding, with respect to two pairs of characters, linked or independent, with special relation to the effects of linkage},
  author={Jennings, Herbert Spencer},
  journal={Genetics},
  volume={2},
  number={2},
  pages={97},
  year={1917},
  publisher={Genetics Society of America}
}

@article{lewontin1960evolutionary,
  title={The evolutionary dynamics of complex polymorphisms},
  author={Lewontin, RC and Kojima, Ken-ichi},
  journal={Evolution},
  pages={458--472},
  year={1960},
  publisher={JSTOR}
}

@article{green2010draft,
  title={A draft sequence of the Neandertal genome},
  author={Green, Richard E and Krause, Johannes and Briggs, Adrian W and Maricic, Tomislav and Stenzel, Udo and Kircher, Martin and Patterson, Nick and Li, Heng and Zhai, Weiwei and Fritz, Markus Hsi-Yang and others},
  journal={science},
  volume={328},
  number={5979},
  pages={710--722},
  year={2010},
  publisher={American Association for the Advancement of Science}
}

@article{norton1983fisher,
  title={Fisher’s entrance into evolutionary science: The role of eugenics},
  author={Norton, Bernard},
  journal={Dimensions of Darwinism: Themes and counterthemes in twentieth-century evolutionary theory},
  pages={9--29},
  year={1983},
  publisher={Cambridge University Press and Editions de la Maison des Sciences de l’Homme~…}
}

@article{haldane1924,
  title={A mathematical theory of natural and artificial selection. Part I},
  author={Haldane, John Burdon Sanderson},
  journal={Transactions of the Camrbidge Philosophical Society},
  volume={23},
  pages={19-41},
  year={1924},
  publisher={}
}

@InBook{mazumdar2005eugenics_fisher,
  title={Eugenics, human genetics and human failings: the Eugenics Society, its sources and its critics in Britain},
  author={Mazumdar, Pauline},
  year={2005}, 
  publisher={Routledge},
  chapter = 	 {Ideology and method: RA Fisher and Research in Eugenics},
  OPTkey = 	 {},
  OPTvolume = 	 {},
  OPTnumber = 	 {},
  OPTseries = 	 {},
  OPTtype = 	 {},
  OPTaddress = 	 {},
  OPTedition = 	 {},
  OPTmonth = 	 {},
  OPTpages = 	 {},
  OPTnote = 	 {},
  OPTannote = 	 {}
}

@book{united1952race,
  title={The Race Concept: Results of an Inquiry},
  author={UNESCO},
  year={1952},
  publisher={Greenwood Press}
}



@article{reilly2015eugenics,
  title={Eugenics and involuntary sterilization: 1907--2015},
  author={Reilly, Philip R},
  journal={Annual review of genomics and human genetics},
  volume={16},
  pages={351--368},
  year={2015},
  publisher={Annual Reviews}
}

@article{gannett2013theodosius,
  title={Theodosius Dobzhansky and the genetic race concept},
  author={Gannett, Lisa},
  journal={Studies in History and Philosophy of Biological and Biomedical Sciences},
  volume={44},
  number={3},
  pages={250--261},
  year={2013},
  publisher={Elsevier}
}

@article{paul1994dobzhansky,
  title={Dobzhansky in the ‘Nature-Nurture’ Debate},
  author={Paul, Diane B},
  journal={The evolution of Theodosius Dobzhansky: essays on his life and thought in Russia and America},
  pages={219--232},
  year={1994},
  publisher={Princeton University Press Princeton}
}

@book{okrent2020guarded,
  title={The guarded gate: bigotry, eugenics, and the law that kept two generations of Jews, Italians, and other European immigrants out of America},
  author={Okrent, Daniel},
  year={2020},
  publisher={Scribner}
}

@article{dobzhansky1961bogus,
  title={A bogus “science” of race prejudice},
  author={Dobzhansky, Theodosius},
  journal={Journal of Heredity},
  volume={52},
  number={4},
  pages={189--190},
  year={1961},
  publisher={Oxford University Press}
}

@article{lewontin1970race,
  title={Race and intelligence},
  author={Lewontin, Richard C},
  journal={Bulletin of the Atomic Scientists},
  volume={26},
  number={3},
  pages={2--8},
  year={1970},
  publisher={Taylor \& Francis}
}

@incollection{lewontin1972apportionment,
  title={The apportionment of human diversity},
  author={Lewontin, Richard C},
  booktitle={Evolutionary biology},
  pages={381--398},
  year={1972},
  publisher={Springer}
}

@article{allen2011eugenics,
  title={Eugenics and modern biology: Critiques of eugenics, 1910--1945},
  author={Allen, Garland E},
  journal={Annals of human genetics},
  volume={75},
  number={3},
  pages={314--325},
  year={2011},
  publisher={Wiley Online Library}
}

@article{tabery2008ra,
  title={RA Fisher, Lancelot Hogben, and the origin (s) of genotype--environment interaction},
  author={Tabery, James},
  journal={Journal of the History of Biology},
  volume={41},
  number={4},
  pages={717--761},
  year={2008},
  publisher={Springer}
}

@article{stern2017california,
  title={California’s sterilization survivors: an estimate and call for redress},
  author={Stern, Alexandra Minna and Novak, Nicole L and Lira, Natalie and O'Connor, Kate and Harlow, Siob{\'a}n and Kardia, Sharon},
  journal={American journal of public health},
  volume={107},
  number={1},
  pages={50--54},
  year={2017},
  publisher={American Public Health Association}
}


@article{novak2018disproportionate,
  title={Disproportionate sterilization of Latinos under California’s eugenic sterilization program, 1920--1945},
  author={Novak, Nicole L and Lira, Natalie and O'Connor, Kate E and Harlow, Siob{\' a}n D and Kardia, Sharon LR and Stern, Alexandra Minna},
  journal={American journal of public health},
  volume={108},
  number={5},
  pages={611--613},
  year={2018},
  publisher={American Public Health Association}
}

@book{galton1883inquiries,
  title={Inquiries into human faculty and its development},
  author={Galton, Francis},
  year={1883},
  publisher={Macmillan}
}

@book{kevles1995name,
  title={In the name of eugenics: Genetics and the uses of human heredity},
  author={Kevles, Daniel J},
  year={1995},
  edition = 	 {2nd},
  publisher={Harvard University Press}
}

@article{librado2017ancient,
  title={Ancient genomic changes associated with domestication of the horse},
  author={Librado, Pablo and Gamba, Cristina and Gaunitz, Charleen and Der Sarkissian, Clio and Pruvost, M{\'e}lanie and Albrechtsen, Anders and Fages, Antoine and Khan, Naveed and Schubert, Mikkel and Jagannathan, Vidhya and others},
  journal={Science},
  volume={356},
  number={6336},
  pages={442--445},
  year={2017},
  publisher={American Association for the Advancement of Science}
}

@book{dr._seuss_cat_1957,
  added-at = {2009-11-11T20:37:13.000+0100},
  address = {Boston},
  author = {Seuss, Dr.},
  biburl = {https://www.bibsonomy.org/bibtex/2ff4d7eb15115136d622e79d19d89cb9b/au7334},
  interhash = {b1878b7c5fdb756c05acb780f8c9079d},
  intrahash = {ff4d7eb15115136d622e79d19d89cb9b},
  isbn = {9780394800011},
  keywords = {813 bks juv},
  publisher = {Houghton Mifflin},
  timestamp = {2009-11-16T23:51:42.000+0100},
  title = {The cat in the hat},
  year = 1957
}




@article{axelrod1981evolution,
  title={The evolution of cooperation},
  author={Axelrod, Robert and Hamilton, William Donald},
  journal={science},
  volume={211},
  number={4489},
  pages={1390--1396},
  year={1981},
  publisher={American Association for the Advancement of Science}
}

@article{wilkinson1984reciprocal,
  title={Reciprocal food sharing in the vampire bat},
  author={Wilkinson, Gerald S},
  journal={Nature},
  volume={308},
  number={5955},
  pages={181--184},
  year={1984},
  publisher={Springer}
}

@article{queller2011expanded,
  title={Expanded social fitness and Hamilton's rule for kin, kith, and kind},
  author={Queller, David C},
  journal={Proceedings of the National Academy of Sciences},
  volume={108},
  number={Supplement 2},
  pages={10792--10799},
  year={2011},
  publisher={National Acad Sciences}
}


@article{carter2013food,
  title={Food sharing in vampire bats: reciprocal help predicts donations more than relatedness or harassment},
  author={Carter, Gerald G and Wilkinson, Gerald S},
  journal={Proceedings of the Royal Society B: Biological Sciences},
  volume={280},
  number={1753},
  pages={20122573},
  year={2013},
  publisher={The Royal Society}
}

@article{trivers1971evolution,
  title={The evolution of reciprocal altruism},
  author={Trivers, Robert L},
  journal={The Quarterly review of biology},
  volume={46},
  number={1},
  pages={35--57},
  year={1971},
  publisher={Stony Brook Foundation, Inc.}
}

@article{james2015mushrooms,
  title={Why mushrooms have evolved to be so promiscuous: Insights from evolutionary and ecological patterns},
  author={James, Timothy Y},
  journal={Fungal biology reviews},
  volume={29},
  number={3-4},
  pages={167--178},
  year={2015},
  publisher={Elsevier}
}

@article{lowther1961polymorphism,
  title={Polymorphism in the white-throated sparrow, Zonotrichia albicollis (Gmelin)},
  author={Lowther, James K},
  journal={Canadian Journal of Zoology},
  volume={39},
  number={3},
  pages={281--292},
  year={1961},
  publisher={NRC Research Press}
}

@article{merrill2019genetic,
  title={Genetic dissection of assortative mating behavior},
  author={Merrill, Richard M and Rastas, Pasi and Martin, Simon H and Melo, Maria C and Barker, Sarah and Davey, John and McMillan, W Owen and Jiggins, Chris D},
  journal={PLoS biology},
  volume={17},
  number={2},
  year={2019},
  publisher={Public Library of Science}
}

@techreport{stitzer2018maize,
  title={Maize domestication and gene interaction},
  author={Stitzer, Michelle C and Ross-Ibarra, Jeffrey},
  year={2018},
  institution={PeerJ Preprints}
}

@article{wang1999limits,
  title={The limits of selection during maize domestication},
  author={Wang, Rong-Lin and Stec, Adrian and Hey, Jody and Lukens, Lewis and Doebley, John},
  journal={Nature},
  volume={398},
  number={6724},
  pages={236--239},
  year={1999},
  publisher={Nature Publishing Group}
}

@article{tuttle2016divergence,
  title={Divergence and functional degradation of a sex chromosome-like supergene},
  author={Tuttle, Elaina M and Bergland, Alan O and Korody, Marisa L and Brewer, Michael S and Newhouse, Daniel J and Minx, Patrick and Stager, Maria and Betuel, Adam and Cheviron, Zachary A and Warren, Wesley C and others},
  journal={Current Biology},
  volume={26},
  number={3},
  pages={344--350},
  year={2016},
  publisher={Elsevier}
}


@incollection{smith1971origin,
  title={The origin and maintenance of sex},
  author={Maynard Smith, J},
  ALTeditor = 	 {William, G.C.},
  booktitle={Group selection},
  pages={163--175},
  year={1971},
  publisher={Routledge}
}

@article{smith1980experimental,
  title={Experimental confirmation of heritable morphological variation in a natural population of song sparrows},
  author={Smith, James NM and Dhondt, Andr{\'e} A},
  journal={Evolution},
  pages={1155--1158},
  year={1980},
  publisher={JSTOR}
}

@article{welch2014multivariate,
  title={A multivariate analysis of genetic variation in the advertisement call of the gray treefrog, Hyla versicolor},
  author={Welch, Allison M and Smith, Michael J and Gerhardt, H Carl},
  journal={Evolution},
  volume={68},
  number={6},
  pages={1629--1639},
  year={2014},
  publisher={Wiley Online Library}
}

@article{smith1979heritability,
  title={Heritability of some morphological characters in a song sparrow population},
  author={Smith, James NM and Zach, Reto},
  journal={Evolution},
  volume={33},
  number={1Part2},
  pages={460--467},
  year={1979},
  publisher={Wiley Online Library}
}

@article{faith1999evidence,
  title={Evidence for independent genetic influences on fat mass and body mass index in a pediatric twin sample},
  author={Faith, Myles S and Pietrobelli, Angelo and Nunez, Christopher and Heo, Moonseong and Heymsfield, Steven B and Allison, David B},
  journal={Pediatrics},
  volume={104},
  number={1},
  pages={61--67},
  year={1999},
  publisher={Am Acad Pediatrics}
}

@article{klinka2009adaptive,
  title={Adaptive coat colour polymorphism in the Kermode bear of coastal British Columbia},
  author={Klinka, Dan R and Reimchen, Thomas E},
  journal={Biological Journal of the Linnean Society},
  volume={98},
  number={3},
  pages={479--488},
  year={2009},
  publisher={Oxford University Press}
}

@article{oziolor2019adaptive,
  title={Adaptive introgression enables evolutionary rescue from extreme environmental pollution},
  author={Oziolor, Elias M and Reid, Noah M and Yair, Sivan and Lee, Kristin M and VerPloeg, Sarah Guberman and Bruns, Peter C and Shaw, Joseph R and Whitehead, Andrew and Matson, Cole W},
  journal={Science},
  volume={364},
  number={6439},
  pages={455--457},
  year={2019},
  publisher={American Association for the Advancement of Science}
}


@article{hughes2008ancestral,
  title={Ancestral monogamy shows kin selection is key to the evolution of eusociality},
  author={Hughes, William OH and Oldroyd, Benjamin P and Beekman, Madeleine and Ratnieks, Francis LW},
  journal={Science},
  volume={320},
  number={5880},
  pages={1213--1216},
  year={2008},
  publisher={American Association for the Advancement of Science}
}

@article{grant1995predicting,
  title={Predicting microevolutionary responses to directional selection on heritable variation},
  author={Grant, Peter R and Grant, B Rosemary},
  journal={Evolution},
  volume={49},
  number={2},
  pages={241--251},
  year={1995},
  publisher={Wiley Online Library}
}

@article{roberts2009sexual,
  title={Sexual conflict resolved by invasion of a novel sex determiner in Lake Malawi cichlid fishes},
  author={Roberts, Reade B and Ser, Jennifer R and Kocher, Thomas D},
  journal={Science},
  volume={326},
  number={5955},
  pages={998--1001},
  year={2009},
  publisher={American Association for the Advancement of Science}
}


@article{lande1983measurement,
  title={The measurement of selection on correlated characters},
  author={Lande, Russell and Arnold, Stevan J},
  journal={Evolution},
  volume={37},
  number={6},
  pages={1210--1226},
  year={1983},
  publisher={Wiley Online Library}
}

@article{vermeij1982phenotypic,
  title={Phenotypic evolution in a poorly dispersing snail after arrival of a predator},
  author={Vermeij, Geerat J},
  journal={Nature},
  volume={299},
  number={5881},
  pages={349},
  year={1982},
  publisher={Nature Publishing Group}
}

@article{colbert1948evolution,
  title={Evolution of the horned dinosaurs},
  author={Colbert, Edwin H},
  journal={Evolution},
  volume={2},
  number={2},
  pages={145--163},
  year={1948},
  publisher={Wiley Online Library}
}

@article{uyeda2011million,
  title={The million-year wait for macroevolutionary bursts},
  author={Uyeda, Josef C and Hansen, Thomas F and Arnold, Stevan J and Pienaar, Jason},
  journal={Proceedings of the National Academy of Sciences},
  volume={108},
  number={38},
  pages={15908--15913},
  year={2011},
  publisher={National Acad Sciences}
}

@book{milne,
  title={ Winnie-the-Pooh},
  author={Milne, Alan Alexander and Shepard, Ernest Howard},
  year=1926},
  publisher={Penguin}
}

@article{muller1964relation,
  title={The relation of recombination to mutational advance},
  author={Muller, Hermann Joseph},
  journal={Mutation Research/Fundamental and Molecular Mechanisms of Mutagenesis},
  volume={1},
  number={1},
  pages={2--9},
  year={1964},
  publisher={Elsevier}
}

@article{gingerich1983rates,
  title={Rates of evolution: effects of time and temporal scaling},
  author={Gingerich, Philip},
  journal={Science},
  volume={222},
  pages={159--162},
  year={1983},
  publisher={American Association for the Advancement of Science}
}

@article{haldane1949suggestions,
  title={Suggestions as to quantitative measurement of rates of evolution},
  author={Haldane, John Burdon Sanderson},
  journal={Evolution},
  volume={3},
  number={1},
  pages={51--56},
  year={1949},
  publisher={Wiley Online Library}
}

@article{sweigart2019making,
  title={Making a Murderer: The Evolutionary Framing of Hybrid Gamete-Killers},
  author={Sweigart, Andrea L and Brandvain, Yaniv and Fishman, Lila},
  journal={Trends in Genetics},
  year={2019},
  publisher={Elsevier}
}

@article{grognet2014genes,
  title={Genes that bias Mendelian segregation},
  author={Grognet, Pierre and Lalucque, Herv{\'e} and Malagnac, Fabienne and Silar, Philippe},
  journal={PLoS genetics},
  volume={10},
  number={5},
  pages={e1004387},
  year={2014},
  publisher={Public Library of Science}
}

@article{haldane1964defense,
  title={A defense of beanbag genetics},
  author={Haldane, John Burdon Sanderson},
  journal={Perspectives in Biology and Medicine},
  volume={7},
  number={3},
  pages={343--360},
  year={1964},
  publisher={Johns Hopkins University Press}
}

@article{grant2002unpredictable,
  title={Unpredictable evolution in a 30-year study of Darwin's finches},
  author={Grant, Peter R and Grant, B Rosemary},
  journal={science},
  volume={296},
  number={5568},
  pages={707--711},
  year={2002},
  publisher={American Association for the Advancement of Science}
}

@article{lande1976natural,
  title={Natural selection and random genetic drift in phenotypic evolution},
  author={Lande, Russell},
  journal={Evolution},
  volume={30},
  number={2},
  pages={314--334},
  year={1976},
  publisher={Wiley Online Library}
}

@book{wright1932,
  title={The roles of mutation, inbreeding, crossbreeding, and selection in evolution},
  author={Wright, Sewall},
  volume={1},
  year={1932},
  publisher={na}
}

@article{gillespie1977natural,
  title={Natural selection for variances in offspring numbers: a new evolutionary principle},
  author={Gillespie, John H},
  journal={The American Naturalist},
  volume={111},
  number={981},
  pages={1010--1014},
  year={1977},
  publisher={University of Chicago Press}
}

@article{gillespie1973natural,
  title={Natural selection with varying selection coefficients--a haploid model},
  author={Gillespie, John H},
  journal={Genetics Research},
  volume={21},
  number={2},
  pages={115--120},
  year={1973},
  publisher={Cambridge University Press}
}




@article{edwards1961population,
  title={The population genetics of “sex-ratio” in Drosophila pseudoobscura},
  author={Edwards, AWF},
  journal={Heredity},
  volume={16},
  number={3},
  pages={291},
  year={1961},
  publisher={Nature Publishing Group}
}

@article{ferree2007distorted,
  title={Distorted sex ratios: a window into RNAi-mediated silencing},
  author={Ferree, Patrick M and Barbash, Daniel A},
  journal={PLoS biology},
  volume={5},
  number={11},
  pages={e303},
  year={2007},
  publisher={Public Library of Science}
}


@article{tao2007sexII,
  title={A sex-ratio meiotic drive system in Drosophila simulans. II: an X-linked distorter},
  author={Tao, Yun and Araripe, Luciana and Kingan, Sarah B and Ke, Yeyan and Xiao, Hailian and Hartl, Daniel L},
  journal={PLoS biology},
  volume={5},
  number={11},
  pages={e293},
  year={2007},
  publisher={Public Library of Science}
}

@article{charlesworth1998male,
  title={The male-sterility polymorphism of Silene vulgaris: analysis of genetic data from two populations and comparison with Thymus vulgaris},
  author={Charlesworth, D and Laporte, Val{\'e}rie},
  journal={Genetics},
  volume={150},
  number={3},
  pages={1267--1282},
  year={1998},
  publisher={Genetics Soc America}
}

@article{milot2017mother,
  title={Mother’s curse neutralizes natural selection against a human genetic disease over three centuries},
  author={Milot, Emmanuel and Moreau, Claudia and Gagnon, Alain and Cohen, Alan A and Brais, Bernard and Labuda, Damian},
  journal={Nature ecology \& evolution},
  volume={1},
  number={9},
  pages={1400},
  year={2017},
  publisher={Nature Publishing Group}
}

@article{laberge2005fille,
  title={A “Fille du Roy” introduced the T14484C Leber hereditary optic neuropathy mutation in French Canadians},
  author={Laberge, Anne-Marie and Jomphe, Mich{\`e}le and Houde, Louis and V{\'e}zina, H{\'e}l{\`e}ne and Tremblay, Marc and Desjardins, Bertrand and Labuda, Damian and St-Hilaire, Marc and Macmillan, Carol and Shoubridge, Eric A and others},
  journal={The American Journal of Human Genetics},
  volume={77},
  number={2},
  pages={313--317},
  year={2005},
  publisher={Elsevier}
}

@article{lin2018hprna,
  title={The hpRNA/RNAi pathway is essential to resolve intragenomic conflict in the Drosophila male germline},
  author={Lin, Ching-Jung and Hu, Fuqu and Dubruille, Raphaelle and Vedanayagam, Jeffrey and Wen, Jiayu and Smibert, Peter and Loppin, Benjamin and Lai, Eric C},
  journal={Developmental cell},
  volume={46},
  number={3},
  pages={316--326},
  year={2018},
  publisher={Elsevier}
}

@article{paul2008s,
  title={“It's ok, we're not cousins by blood”: the cousin marriage controversy in historical perspective},
  author={Paul, Diane B and Spencer, Hamish G},
  journal={PLoS Biol},
  volume={6},
  number={12},
  pages={e320},
  year={2008},
  publisher={Public Library of Science}
}

@article{helgason2008association,
  title={An association between the kinship and fertility of human couples},
  author={Helgason, Agnar and P{\'a}lsson, Sn{\ae}bj{\"o}rn and Gu{\dh}bjartsson, Dan{\'\i}el F and Stef{\'a}nsson, K{\'a}ri and others},
  journal={Science},
  volume={319},
  number={5864},
  pages={813--816},
  year={2008},
  publisher={American Association for the Advancement of Science}
}

@inproceedings{haldane1927mathematical,
  title={A mathematical theory of natural and artificial selection, part V: selection and mutation},
  author={Haldane, John Burdon Sanderson},
  booktitle={Mathematical Proceedings of the Cambridge Philosophical Society},
  volume={23},
  number={7},
  pages={838--844},
  year={1927},
  organization={Cambridge University Press}
}


@article{tao2007sex,
  title={A sex-ratio meiotic drive system in Drosophila simulans. I: an autosomal suppressor},
  author={Tao, Yun and Masly, John P and Araripe, Luciana and Ke, Yeyan and Hartl, Daniel L},
  journal={PLoS biology},
  volume={5},
  number={11},
  pages={e292},
  year={2007},
  publisher={Public Library of Science}
}

@article{hamilton1967extraordinary,
  title={Extraordinary sex ratios},
  author={Hamilton, William D},
  journal={Science},
  volume={156},
  number={3774},
  pages={477--488},
  year={1967},
  publisher={Citeseer}
}

@article{cosmides1981cytoplasmic,
  title={Cytoplasmic inheritance and intragenomic conflict},
  author={Cosmides, Leda Murlas and Tooby, John},
  journal={Journal of theoretical biology},
  volume={89},
  number={1},
  pages={83--129},
  year={1981},
  publisher={Elsevier}
}

@article{frank1996mitochondria,
  title={Mitochondria and male disease},
  author={Frank, SA and Hurst, LD},
  journal={Nature},
  volume={383},
  number={6597},
  pages={224--224},
  year={1996},
  publisher={Nature Publishing Group}
}

@article{basolo1994dynamics,
  title={The dynamics of Fisherian sex-ratio evolution: theoretical and experimental investigations},
  author={Basolo, Alexandra L},
  journal={The American Naturalist},
  volume={144},
  number={3},
  pages={473--490},
  year={1994},
  publisher={University of Chicago Press}
}

@book{smith1982evolution,
  title={Evolution and the Theory of Games},
  author={Maynard Smith, John},
  year={1982},
  publisher={Cambridge university press}
}


@article{gremer2014bet,
  title={Bet hedging in desert winter annual plants: optimal germination strategies in a variable environment},
  author={Gremer, Jennifer R and Venable, D Lawrence},
  journal={Ecology Letters},
  volume={17},
  number={3},
  pages={380--387},
  year={2014},
  publisher={Wiley Online Library}
}

@article{cohen1966optimizing,
  title={Optimizing reproduction in a randomly varying environment},
  author={Cohen, Dan},
  journal={Journal of theoretical biology},
  volume={12},
  number={1},
  pages={119--129},
  year={1966},
  publisher={Elsevier}
}

@article{stumpf2002herpes,
  title={Herpes viruses hedge their bets},
  author={Stumpf, Michael PH and Laidlaw, Zo{\"e} and Jansen, Vincent AA},
  journal={Proceedings of the National Academy of Sciences},
  volume={99},
  number={23},
  pages={15234--15237},
  year={2002},
  publisher={National Acad Sciences}
}

@InBook{seger1987oxford,
  author = 	 {Seger, J and Brockmann, HJ},
  editor = 	 {Harvey, PH and Partridge, L},
  title = 	 {Oxford Surveys in Evolutionary Biology},
  chapter = 	 {What is bet-hedging},
  publisher = 	 {Oxford University Press},
  year = 	 {1987},
  OPTkey = 	 {},
  volume = 	 {4},
  OPTnumber = 	 {},
  OPTseries = 	 {},
  OPTtype = 	 {},
  OPTaddress = 	 {},
  OPTedition = 	 {},
  OPTmonth = 	 {},
  pages = 	 {182--211},
  OPTnote = 	 {},
  OPTannote = 	 {}
}

@article{barton1981chromosomal,
  title={A chromosomal cline in the grasshopper Podisma pedestris},
  author={Barton, NH and Hewitt, GM},
  journal={Evolution},
  pages={1008--1018},
  year={1981},
  publisher={JSTOR}
}

@article{bazykin1969hypothetical,
  title={Hypothetical mechanism of speciation},
  author={Bazykin, AD},
  journal={Evolution},
  volume={23},
  number={4},
  pages={685--687},
  year={1969},
  publisher={Wiley Online Library}
}

@article{provine1986geneticists,
  title={Geneticists and race},
  author={Provine, William B},
  journal={American Zoologist},
  volume={26},
  number={3},
  pages={857--888},
  year={1986},
  publisher={Oxford University Press UK}
}

@article{edwards1998natural,
  title={Natural selection and the sex ratio: Fisher's sources},
  author={Edwards, Anthony WF},
  journal={The American Naturalist},
  volume={151},
  number={6},
  pages={564--569},
  year={1998},
  publisher={The University of Chicago Press}
}

@article{ewens2010gene,
  title={What is the gene trying to do?},
  author={Ewens, Warren J},
  journal={British Journal for the Philosophy of Science},
  volume={62},
  number={1},
  pages={155--176},
  year={2010},
  publisher={Oxford University Press}
}

@book{fisher1930,
  title={The genetical theory of natural selection: a complete variorum edition},
  author={Fisher, Ronald Aylmer},
  year={1930},
  publisher={Oxford University Press}
}

@article{boag1983heritability,
  title={The heritability of external morphology in Darwin's ground finches (Geospiza) on Isla Daphne Major, Galapagos},
  author={Boag, Peter T},
  journal={Evolution},
  pages={877--894},
  year={1983},
  publisher={JSTOR}
}

@article{weis1990measuring,
  title={Measuring selection on reaction norms: an exploration of the Eurosta-Solidago system},
  author={Weis, Arthur E and Gorman, Wendy L},
  journal={Evolution},
  volume={44},
  number={4},
  pages={820--831},
  year={1990},
  publisher={Wiley Online Library}
}

@article{brodie1992correlational,
  title={Correlational selection for color pattern and antipredator behavior in the garter snake Thamnophis ordinoides},
  author={Brodie, Edmund D},
  journal={Evolution},
  volume={46},
  number={5},
  pages={1284--1298},
  year={1992},
  publisher={Wiley Online Library}
}

@article{smith1993disruptive,
  title={Disruptive selection and the genetic basis of bill size polymorphism in the African finch Pyrenestes},
  author={Smith, Thomas Bates},
  journal={Nature},
  volume={363},
  number={6430},
  pages={618},
  year={1993},
  publisher={Nature Publishing Group}
}

@article{ulizzi1992natural,
  title={Natural selection associated with birth weight. VI. Towards the end of the stabilizing component},
  author={Ulizzi, L and Terrenato, L},
  journal={Annals of human genetics},
  volume={56},
  number={2},
  pages={113--118},
  year={1992},
  publisher={Wiley Online Library}
}

@article{karn1951birth,
  title={Birth weight and gestation time in relation to maternal age, parity and infant survival},
  author={Karn, Mary N and Penrose, LS},
  journal={Annals of eugenics},
  volume={16},
  number={1},
  pages={147--164},
  year={1951},
  publisher={Wiley Online Library}
}

@book{simpson1944tempo,
  title={Tempo and mode in evolution},
  author={Simpson, George Gaylord},
  number={15},
  year={1944},
  publisher={Columbia University Press}
}

@article{losos2013evolutionary,
  title={Evolutionary biology for the 21st century},
  author={Losos, Jonathan B and Arnold, Stevan J and Bejerano, Gill and Brodie III, ED and Hibbett, David and Hoekstra, Hopi E and Mindell, David P and Monteiro, Ant{\'o}nia and Moritz, Craig and Orr, H Allen and others},
  journal={PLoS Biology},
  volume={11},
  number={1},
  pages={e1001466},
  year={2013},
  publisher={Public Library of Science}
}

@article{bachtrog2014sex,
  title={Sex determination: why so many ways of doing it?},
  author={Bachtrog, Doris and Mank, Judith E and Peichel, Catherine L and Kirkpatrick, Mark and Otto, Sarah P and Ashman, Tia-Lynn and Hahn, Matthew W and Kitano, Jun and Mayrose, Itay and Ming, Ray and others},
  journal={PLoS biology},
  volume={12},
  number={7},
  pages={e1001899},
  year={2014},
  publisher={Public Library of Science}
}

@book{stevens1905studies,
  title={Studies in Spermatogenesis: With especial reference to the" accessory chromosome"},
  author={Stevens, Nettie Maria},
  volume={36},
  year={1905},
  publisher={Carnegie Institution of Washington}
}

@article{muller1932some,
  title={Some genetic aspects of sex},
  author={Muller, Hermann Joseph},
  journal={The American Naturalist},
  volume={66},
  number={703},
  pages={118--138},
  year={1932},
  publisher={Science Press}
}

@article{lowry2010widespread,
  title={A widespread chromosomal inversion polymorphism contributes to a major life-history transition, local adaptation, and reproductive isolation},
  author={Lowry, David B and Willis, John H},
  journal={PLoS biology},
  volume={8},
  number={9},
  pages={e1000500},
  year={2010},
  publisher={Public Library of Science}
}


@article{joron2006conserved,
  title={A conserved supergene locus controls colour pattern diversity in Heliconius butterflies},
  author={Joron, Mathieu and Papa, Riccardo and Beltr{\'a}n, Margarita and Chamberlain, Nicola and Mav{\'a}rez, Jes{\'u}s and Baxter, Simon and Abanto, Mois{\'e}s and Bermingham, Eldredge and Humphray, Sean J and Rogers, Jane and others},
  journal={PLoS biology},
  volume={4},
  number={10},
  pages={e303},
  year={2006},
  publisher={Public Library of Science}
}

@book{dobzhansky1970genetics,
  title={Genetics of the evolutionary process},
  author={Dobzhansky, Theodosius},
  volume={139},
  year={1970},
  publisher={Columbia University Press}
}

@article{joron2011chromosomal,
  title={Chromosomal rearrangements maintain a polymorphic supergene controlling butterfly mimicry},
  author={Joron, Mathieu and Frezal, Lise and Jones, Robert T and Chamberlain, Nicola L and Lee, Siu F and Haag, Christoph R and Whibley, Annabel and Becuwe, Michel and Baxter, Simon W and Ferguson, Laura and others},
  journal={Nature},
  volume={477},
  number={7363},
  pages={203},
  year={2011},
  publisher={Nature Publishing Group}
}


@article{hollister2014recurrent,
  title={Recurrent loss of sex is associated with accumulation of deleterious mutations in Oenothera},
  author={Hollister, Jesse D and Greiner, Stephan and Wang, Wei and Wang, Jun and Zhang, Yong and Wong, Gane Ka-Shu and Wright, Stephen I and Johnson, Marc TJ},
  journal={Molecular biology and evolution},
  volume={32},
  number={4},
  pages={896--905},
  year={2014},
  publisher={Oxford University Press}
}

@article{hunt2008evolution,
  title={Evolution toward a new adaptive optimum: phenotypic evolution in a fossil stickleback lineage},
  author={Hunt, Gene and Bell, Michael A and Travis, Matthew P},
  journal={Evolution},
  volume={62},
  number={3},
  pages={700--710},
  year={2008},
  publisher={Wiley Online Library}
}


@article{bell2006inferring,
  title={Inferring natural selection in a fossil threespine stickleback},
  author={Bell, Michael A and Travis, Matthew P and Blouw, D Max},
  journal={Paleobiology},
  volume={32},
  number={4},
  pages={562--577},
  year={2006},
  publisher={Cambridge University Press}
}

@Manual{Rstats,
  title        = {R: A Language and Environment for Statistical Computing},
  author       = {R},
  organization = {R Foundation for Statistical Computing},
  address      = {Vienna, Austria},
  year         = {2018}
}
  %url          = {https://www.R-project.org}  %{R Core Team}

@article{majerus2009industrial,
  title={Industrial melanism in the peppered moth, Biston betularia: an excellent teaching example of Darwinian evolution in action},
  author={Majerus, Michael EN},
  journal={Evolution: Education and Outreach},
  volume={2},
  number={1},
  pages={63},
  year={2009}
}

@article{kettlewell1955selection,
  title={Selection experiments on industrial melanism in the Lepidoptera},
  author={Kettlewell, H Bernard D},
  journal={Heredity},
  volume={9},
  number={3},
  pages={323},
  year={1955},
  publisher={Nature Publishing Group}
}

@article{cook2012selective,
  title={Selective bird predation on the peppered moth: the last experiment of Michael Majerus},
  author={Cook, Laurence M and Grant, Bruce S and Saccheri, Ilik J and Mallet, Jim},
  journal={Biology Letters},
  volume={8},
  number={4},
  pages={609--612},
  year={2012},
  publisher={The Royal Society}
}

@article{van2011industrial,
  title={Industrial melanism in British peppered moths has a singular and recent mutational origin},
  author={van't Hof, Arjen E and Edmonds, Nicola and Dal{\' i}kov{\' a}, Martina and Marec, Franti{\v s}ek and Saccheri, Ilik J},
  journal={Science},
  volume={332},
  number={6032},
  pages={958--960},
  year={2011},
  publisher={American Association for the Advancement of Science}
}

@article {Williams548198,
	author = {Williams, Kadie-Ann and Pennings, Pleuni S},
	title = {Drug resistance evolution in HIV in the late 1990s: hard sweeps, soft sweeps, clonal interference and the accumulation of drug resistance mutations},
	elocation-id = {548198},
	year = {2019},
	doi = {10.1101/548198},
	publisher = {Cold Spring Harbor Laboratory},
	URL = {https://www.biorxiv.org/content/early/2019/02/13/548198},
	eprint = {https://www.biorxiv.org/content/early/2019/02/13/548198.full.pdf},
	journal = {bioRxiv}
}


@article{robinson2016revisiting,
  title={Revisiting a Classic Study of the Molecular Clock},
  author={Robinson, Lauren M and Boland, Joseph R and Braverman, John M},
  journal={Journal of molecular evolution},
  volume={82},
  number={2-3},
  pages={110--116},
  year={2016},
  publisher={Springer}
}

@article{hey2002interactions,
  title={Interactions between natural selection, recombination and gene density in the genes of Drosophila},
  author={Hey, Jody and Kliman, Richard M},
  journal={Genetics},
  volume={160},
  number={2},
  pages={595--608},
  year={2002},
  publisher={Genetics Soc America}
}

@article{lewontin1970units,
  title={The units of selection},
  author={Lewontin, Richard C},
  journal={Annual review of ecology and systematics},
  volume={1},
  number={1},
  pages={1--18},
  year={1970},
  publisher={Annual Reviews 4139 El Camino Way, PO Box 10139, Palo Alto, CA 94303-0139, USA}
}

@article{frentiu2007adaptive,
  title={Adaptive evolution of color vision as seen through the eyes of butterflies},
  author={Frentiu, Francesca D and Bernard, Gary D and Cuevas, Cristina I and Sison-Mangus, Marilou P and Prudic, Kathleen L and Briscoe, Adriana D},
  journal={Proceedings of the National Academy of Sciences},
  volume={104},
  number={suppl 1},
  pages={8634--8640},
  year={2007},
  publisher={National Acad Sciences}
}

@article{wright2015adaptation,
  title={Adaptation to heavy-metal contaminated environments proceeds via selection on pre-existing genetic variation},
  author={Wright, Kevin M and Hellsten, Uffe and Xu, Chenling and Jeong, Annie L and Sreedasyam, Avinash and Chapman, Jarrod A and Schmutz, Jeremy and Coop, Graham and Rokhsar, Daniel S and Willis, John H},
  journal={bioRxiv},
  pages={029900},
  year={2015},
  publisher={Cold Spring Harbor Laboratory}
}

@article{ptak2004absence,
  title={Absence of the TAP2 human recombination hotspot in chimpanzees},
  author={Ptak, Susan E and Roeder, Amy D and Stephens, Matthew and Gilad, Yoav and P{\"a}{\"a}bo, Svante and Przeworski, Molly},
  journal={PLoS biology},
  volume={2},
  number={6},
  pages={e155},
  year={2004},
  publisher={Public Library of Science}
}

@Article{Macpherson:07,
   Author="Macpherson, J. M.  and Sella, G.  and Davis, J. C.  and Petrov, D. A. ",
   Title="{{G}enomewide spatial correspondence between nonsynonymous divergence and neutral polymorphism reveals extensive adaptation in {\it {D}rosophila}}",
   Journal="Genetics",
   Year="2007",
   Volume="177",
   Pages="2083--2099",
   OPTMonth="Dec"
}


@Article{Sattath:11,
   Author="Sattath, S.  and Elyashiv, E.  and Kolodny, O.  and Rinott, Y.  and Sella, G. ",
   Title="{{P}ervasive adaptive protein evolution apparent in diversity patterns around amino acid substitutions in {\it {D}rosophila simulans}}",
   Journal="PLoS Genet.",
   Year="2011",
   Volume="7",
   Pages="e1001302"
}


@Article{Andolfatto:01,
   Author="Andolfatto, P.  and Przeworski, M. ",
   Title="{{R}egions of lower crossing over harbor more rare variants in {A}frican populations of {\it {D}rosophila melanogaster}}",
   Journal="Genetics",
   Year="2001",
   Volume="158",
   Pages="657--665",
   OPTMonth="Jun"
}


@Article{Andolfatto:07,
   Author="Andolfatto, P. ",
   Title="{{H}itchhiking effects of recurrent beneficial amino acid substitutions in the {\it {D}rosophila melanogaster} genome}",
   Journal="Genome Res.",
   Year="2007",
   Volume="17",
   Pages="1755--1762",
   OPTMonth="Dec"
}


@Article{Begun:92,
   Author="Begun, D. J.  and Aquadro, C. F. ",
   Title="{{L}evels of naturally occurring {D}{N}{A} polymorphism correlate with recombination rates in {\it {D}. melanogaster}}",
   Journal="Nature",
   Year="1992",
   Volume="356",
   Pages="519--520",
   OPTMonth="Apr"
}

@Article{Aguade:89,
   Author="Aguad\'{e}, M.  and Miyashita, N.  and Langley, C. H. ",
   Title="{{R}educed variation in the yellow-achaete-scute region in natural populations of {\it {D}rosophila melanogaster}}",
   Journal="Genetics",
   Year="1989",
   Volume="122",
   Pages="607--615",
   OPTMonth="Jul"
}

@Article{Berry:91,
   Author="Berry, A. J.  and Ajioka, J. W.  and Kreitman, M. ",
   Title="{{L}ack of polymorphism on the {\it {D}rosophila} fourth chromosome resulting from selection}",
   Journal="Genetics",
   Year="1991",
   Volume="129",
   Pages="1111--1117",
   OPTMonth="Dec"
}

@Article{Cutter:10,
   Author="Cutter, A. D.  and Choi, J. Y. ",
   Title="{{N}atural selection shapes nucleotide polymorphism across the genome of the nematode {\it {C}aenorhabditis briggsae}}",
   Journal="Genome Res.",
   Year="2010",
   Volume="20",
   Pages="1103--1111",
   OPTMonth="Aug"
}

@Article{Cutter:03,
   Author="Cutter, A. D.  and Payseur, B. A. ",
   Title="{{S}election at linked sites in the partial selfer {\it {C}aenorhabditis elegans}}",
   Journal="Mol. Biol. Evol.",
   Year="2003",
   Volume="20",
   Pages="665--673",
   OPTMonth="May"
}

@Article{Cutter:11,
   Author="Cutter, A. D.  and Moses, A. M. ",
   Title="{{P}olymorphism, divergence, and the role of recombination in {\it {S}accharomyces cerevisiae} genome evolution}",
   Journal="Mol. Biol. Evol.",
   Year="2011",
   Volume="28",
   Pages="1745--1754",
   OPTMonth="May"
}

@Article{Barton:00,
   Author="Barton, N. H. ",
   Title="{{G}enetic hitchhiking}",
   Journal="Philos. Trans. R. Soc. Lond., B, Biol. Sci.",
   Year="2000",
   Volume="355",
   Pages="1553--1562",
   OPTMonth="Nov"
}


@article{hohenlohe2010population,
  title={Population genomics of parallel adaptation in threespine stickleback using sequenced RAD tags},
  author={Hohenlohe, Paul A and Bassham, Susan and Etter, Paul D and Stiffler, Nicholas and Johnson, Eric A and Cresko, William A},
  journal={PLoS genetics},
  volume={6},
  number={2},
  pages={e1000862},
  year={2010},
  publisher={Public Library of Science}
}

@article{hermisson2017soft,
  title={Soft sweeps and beyond: understanding the patterns and probabilities of selection footprints under rapid adaptation},
  author={Hermisson, Joachim and Pennings, Pleuni S},
  journal={Methods in Ecology and Evolution},
  volume={8},
  number={6},
  pages={700--716},
  year={2017},
  publisher={Wiley Online Library}
}

@article{sella2009pervasive,
  title={Pervasive natural selection in the Drosophila genome?},
  author={Sella, Guy and Petrov, Dmitri A and Przeworski, Molly and Andolfatto, Peter},
  journal={PLoS genetics},
  volume={5},
  number={6},
  pages={e1000495},
  year={2009},
  publisher={Public Library of Science}
}

@article{ohta1972population,
  title={Population size and rate of evolution},
  author={Ohta, Tomoko},
  journal={Journal of Molecular Evolution},
  volume={1},
  number={4},
  pages={305--314},
  year={1972},
  publisher={Springer}
}

@article{ohta1987very,
  title={Very slightly deleterious mutations and the molecular clock},
  author={Ohta, Tomoko},
  journal={Journal of Molecular Evolution},
  volume={26},
  number={1-2},
  pages={1--6},
  year={1987},
  publisher={Springer}
}

@article{beissinger2016recent,
  title={Recent demography drives changes in linked selection across the maize genome},
  author={Beissinger, Timothy M and Wang, Li and Crosby, Kate and Durvasula, Arun and Hufford, Matthew B and Ross-Ibarra, Jeffrey},
  journal={Nature plants},
  volume={2},
  number={7},
  pages={16084},
  year={2016},
  publisher={Nature Publishing Group}
}

@article{nash2005selection,
  title={Selection strength and hitchhiking around two anti-malarial resistance genes},
  author={Nash, Denae and Nair, Shalini and Mayxay, Mayfong and Newton, Paul N and Guthmann, Jean-Paul and Nosten, Fran{\c{c}}ois and Anderson, Tim JC},
  journal={Proceedings of the Royal Society of London B: Biological Sciences},
  volume={272},
  number={1568},
  pages={1153--1161},
  year={2005},
  publisher={The Royal Society}
}

@article{ralph2015role,
  title={The role of standing variation in geographic convergent adaptation},
  author={Ralph, Peter L and Coop, Graham},
  journal={The American Naturalist},
  volume={186},
  number={S1},
  pages={S5--S23},
  year={2015},
  publisher={University of Chicago Press Chicago, IL}
}

@Article{Howes-g6pd-preval,
  author =       "R. E. Howes and F. B. Piel and A. P. Patil and O. A.
                 Nyangiri and P. W. Gething and M. Dewi and M. M. Hogg
                 and K. E. Battle and C. D. Padilla and J. K. Baird and
                 S. I. Hay",
  title =        "{{G}6{P}{D} deficiency prevalence and estimates of
                 affected populations in malaria endemic countries: a
                 geostatistical model-based map}",
  journal =      "PLoS Medicine",
  year =         "2012",
  volume =       "9",
  number =       "11",
  pages =        "e1001339",
}

@Article{tishkoff-g6pd,
  title =        "Haplotype Diversity and Linkage Disequilibrium at
                 Human {G6PD}: Recent Origin of Alleles That Confer
                 Malarial Resistance",
  author =       "Sarah A. Tishkoff and Robert Varkonyi and Nelie
                 Cahinhinan and Salem Abbes and George Argyropoulos and
                 Giovanni Destro-Bisol and Anthi Drousiotou and Bruce
                 Dangerfield and Gerard Lefranc and Jacques Loiselet and
                 Anna Piro and Mark Stoneking and Antonio Tagarelli and
                 Giuseppe Tagarelli and Elias H. Touma and Scott M.
                 Williams and Andrew G. Clark",
  journal =      "Science",
  number =       "5529",
  pages =        "455--462",
  volume =       "293",
  year =         "2001",
  doi =          "10.1126/science.1061573",
  eprint =       "http://www.sciencemag.org/cgi/reprint/293/5529/455.pdf",
}

@Article{Howes-g6pd-variants,
  author =       "R. E. Howes and M. Dewi and F. B. Piel and W. M.
                 Monteiro and K. E. Battle and J. P. Messina and A.
                 Sakuntabhai and A. W. Satyagraha and T. N. Williams and
                 J. K. Baird and S. I. Hay",
  title =        "{Spatial distribution of {G6PD} deficiency variants
                 across malaria-endemic regions}",
  journal =      "Malar. J.",
  year =         "2013",
  volume =       "12",
  pages =        "418",
}


@Article{Kwiatkowski:05,
  author =       "D. P. Kwiatkowski",
  title =        "{{H}ow malaria has affected the human genome and what
                 human genetics can teach us about malaria}",
  journal =      "Am. J. Hum. Genet.",
  year =         "2005",
  volume =       "77",
  number =       "2",
  pages =        "171--192",
  month =        aug,
}

@article{lefebure2017less,
  title={Less effective selection leads to larger genomes},
  author={Lef{\'e}bure, Tristan and Morvan, Claire and Malard, Florian and Fran{\c{c}}ois, Cl{\'e}mentine and Konecny-Dupr{\'e}, Lara and Gu{\'e}guen, Laurent and Weiss-Gayet, Mich{\`e}le and Seguin-Orlando, Andaine and Ermini, Luca and Der Sarkissian, Clio and others},
  journal={Genome research},
  pages={gr--212589},
  year={2017},
  publisher={Cold Spring Harbor Lab}
}

@Article{Ruwende-g6pd,
  author =       "C. Ruwende and S. C. Khoo and R. W. Snow and S. N.
                 Yates and D. Kwiatkowski and S. Gupta and P. Warn and
                 C. E. Allsopp and S. C. Gilbert and N. Peschu",
  title =        "{Natural selection of hemi- and heterozygotes for
                 {G6PD} deficiency in {Africa} by resistance to severe
                 malaria}",
  journal =      "Nature",
  year =         "1995",
  volume =       "376",
  number =       "6537",
  pages =        "246--249",
  month =        jul,
}

@Article{Louicharoen-g6pd,
  author =       "C. Louicharoen and E. Patin and R. Paul and I.
                 Nuchprayoon and B. Witoonpanich and C.
                 Peerapittayamongkol and I. Casademont and T. Sura and
                 N. M. Laird and P. Singhasivanon and L. Quintana-Murci
                 and A. Sakuntabhai",
  title =        "{Positively selected {G6PD}-{Mahidol} mutation reduces
                 \textit{{Plasmodium} vivax} density in Southeast
                 {Asians}}",
  journal =      "Science",
  year =         "2009",
  volume =       "326",
  number =       "5959",
  pages =        "1546--1549",
  month =        dec,
}

@article{galtier2016adaptive,
  title={Adaptive protein evolution in animals and the effective population size hypothesis},
  author={Galtier, Nicolas},
  journal={PLoS genetics},
  volume={12},
  number={1},
  pages={e1005774},
  year={2016},
  publisher={Public Library of Science}
}

@article{dobzhansky1957experimental,
  title={An experimental study of interaction between genetic drift and natural selection},
  author={Dobzhansky, Theodosius and Pavlovsky, Olga},
  journal={Evolution},
  volume={11},
  number={3},
  pages={311--319},
  year={1957},
  publisher={Wiley Online Library}
}


@article{howes2013spatial,
  title={Spatial distribution of G6PD deficiency variants across malaria-endemic regions},
  author={Howes, Rosalind E and Dewi, Mewahyu and Piel, Fr{\'e}d{\'e}ric B and Monteiro, Wuelton M and Battle, Katherine E and Messina, Jane P and Sakuntabhai, Anavaj and Satyagraha, Ari W and Williams, Thomas N and Baird, J Kevin and others},
  journal={Malaria journal},
  volume={12},
  number={1},
  pages={418},
  year={2013},
  publisher={BioMed Central}
}

@article{lenormand1999tracking,
  title={Tracking the evolution of insecticide resistance in the mosquito Culex pipiens},
  author={Lenormand, Thomas and Bourguet, Denis and Guillemaud, Thomas and Raymond, Michel},
  journal={Nature},
  volume={400},
  number={6747},
  pages={861},
  year={1999},
  publisher={Nature Publishing Group}
}


@article{smithson1997negative,
  title={Negative frequency-dependent selection by pollinators on artificial flowers without rewards},
  author={Smithson, Ann and Macnair, Mark R},
  journal={Evolution},
  volume={51},
  number={3},
  pages={715--723},
  year={1997},
  publisher={Wiley Online Library}
}

@article{gigord2001negative,
  title={Negative frequency-dependent selection maintains a dramatic flower color polymorphism in the rewardless orchid Dactylorhiza sambucina (L.) Soo},
  author={Gigord, Luc DB and Macnair, Mark R and Smithson, Ann},
  journal={Proceedings of the National Academy of Sciences},
  volume={98},
  number={11},
  pages={6253--6255},
  year={2001},
  publisher={National Acad Sciences}
}

@article{nachman2003genetic,
  title={The genetic basis of adaptive melanism in pocket mice},
  author={Nachman, Michael W and Hoekstra, Hopi E and D'Agostino, Susan L},
  journal={Proceedings of the National Academy of Sciences},
  volume={100},
  number={9},
  pages={5268--5273},
  year={2003},
  publisher={National Acad Sciences}
}

@article{hoekstra2004ecological,
  title={Ecological genetics of adaptive color polymorphism in pocket mice: geographic variation in selected and neutral genes},
  author={Hoekstra, Hopi E and Drumm, Kristen E and Nachman, Michael W},
  journal={Evolution},
  volume={58},
  number={6},
  pages={1329--1341},
  year={2004},
  publisher={Wiley Online Library}
}

@article{owen1972polymorphic,
  title={Polymorphic mimicry in a population of the African butterfly, Pseudacraea eurytus (L.)(Lep. Nymphalidae)},
  author={Owen, DF and Chanter, DO},
  journal={Insect Systematics \& Evolution},
  volume={3},
  number={4},
  pages={258--266},
  year={1972},
  publisher={Brill}
}

@article{dobzhansky1943,
  title={Genetics of natural populations IX. Temporal changes in the composition of populations of Drosophila pseudoobscura},
  author={Dobzhansky, Th},
  journal={Genetics},
  volume={28},
  number={2},
  pages={162},
  year={1943},
  publisher={Genetics Society of America}
}

@article{johnston2013life,
  title={Life history trade-offs at a single locus maintain sexually selected genetic variation},
  author={Johnston, Susan E and Gratten, Jacob and Berenos, Camillo and Pilkington, Jill G and Clutton-Brock, Tim H and Pemberton, Josephine M and Slate, Jon},
  journal={Nature},
  volume={502},
  number={7469},
  pages={93},
  year={2013},
  publisher={Nature Publishing Group}
}

@article{akccay2016,
  title={There is no fitness but fitness, and the lineage is its bearer},
  author={Ak{\c{c}}ay, Erol and Van Cleve, Jeremy},
  journal={Phil. Trans. R. Soc. B},
  volume={371},
  number={1687},
  pages={20150085},
  year={2016},
  publisher={The Royal Society}
}

@article{cassa2017,
  title={Estimating the selective effects of heterozygous protein-truncating variants from human exome data},
  author={Cassa, Christopher A and Weghorn, Donate and Balick, Daniel J and Jordan, Daniel M and Nusinow, David and Samocha, Kaitlin E and O'Donnell-Luria, Anne and MacArthur, Daniel G and Daly, Mark J and Beier, David R and others},
  journal={Nature genetics},
  volume={49},
  number={5},
  pages={806},
  year={2017},
  publisher={Nature Publishing Group}
}

@article{haldane1963,
  title={Polymorphism due to selection of varying direction},
  author={Haldane, JBS and Jayakar, SD},
  journal={Journal of Genetics},
  volume={58},
  number={2},
  pages={237--242},
  year={1963},
  publisher={Springer}
}

@article{hopkins2015m,
  title={I'm sexy and I glow it: female ornamentation in a nocturnal capital breeder},
  author={Hopkins, Juhani and Baudry, Gautier and Candolin, Ulrika and Kaitala, Arja},
  journal={Biology letters},
  volume={11},
  number={10},
  pages={20150599},
  year={2015},
  publisher={The Royal Society}
}

@book{darwin1888descent,
  title={The descent of man and selection in relation to sex},
  author={Darwin, Charles},
  volume={1},
  year={1888},
  publisher={Murray}
}

@article{fisher1915evolution,
  title={The evolution of sexual preference},
  author={Fisher, Ronald A},
  journal={The Eugenics Review},
  volume={7},
  number={3},
  pages={184},
  year={1915},
  publisher={Oliver and Boyd}
}

@article{krakauer2005kin,
  title={Kin selection and cooperative courtship in wild turkeys},
  author={Krakauer, Alan H},
  journal={Nature},
  volume={434},
  number={7029},
  pages={69},
  year={2005},
  publisher={Nature Publishing Group}
}


@InBook{Williams:66,
  author = 	 {Williams,  George Christopher},
  ALTeditor = 	 {},
  title = 	 {Adaptation and Natural Selection},
  OPTchapter = 	 {},
  publisher = 	 {Princeton},
  year = 	 {1966},
  OPTkey = 	 {},
  OPTvolume = 	 {},
  OPTnumber = 	 {},
  OPTseries = 	 {},
  OPTtype = 	 {},
  OPTaddress = 	 {},
  OPTedition = 	 {},
  OPTmonth = 	 {},
  OPTpages = 	 {},
  OPTnote = 	 {},
  OPTannote = 	 {}
}

@Article{Kim:06,
   Author="Kim, Y. ",
   Title="{{A}llele frequency distribution under recurrent selective sweeps}",
   Journal="Genetics",
   Year="2006",
   Volume="172",
   Pages="1967--1978",
   OPTMonth="Mar"
}

@article{marciniak2017,
  title={Harnessing ancient genomes to study the history of human adaptation},
  author={Marciniak, Stephanie and Perry, George H},
  journal={Nature Reviews Genetics},
  volume={18},
  number={11},
  pages={659},
  year={2017},
  publisher={Nature Publishing Group}
}

@Article{MaynardSmithHaigh74,
  author = 	 {Maynard Smith, J. and Haigh, J.},
  title = 	 {The hitch-hiking effect of a favourable gene},
  journal = 	 {Genet. Res.},
  year = 	 {1974},
  OPTkey = 	 {},
  volume = 	 {23},
  OPTnumber = 	 {},
  pages = 	 {23--35},
  OPTmonth = 	 {},
  OPTnote = 	 {},
  OPTannote = 	 {}
}

@article{smith1964kin,
  title={Group selection and kin selection},
  author={Maynard Smith, J},
  journal={Nature},
  volume={201},
  number={4924},
  pages={1145},
  year={1964},
  publisher={Nature Publishing Group}
}

@article{feder2017,
  title={A spatio-temporal assessment of simian/human immunodeficiency virus (SHIV) evolution reveals a highly dynamic process within the host},
  author={Feder, Alison F and Kline, Christopher and Polacino, Patricia and Cottrell, Mackenzie and Kashuba, Angela DM and Keele, Brandon F and Hu, Shiu-Lok and Petrov, Dmitri A and Pennings, Pleuni S and Ambrose, Zandrea},
  journal={PLoS pathogens},
  volume={13},
  number={5},
  pages={e1006358},
  year={2017},
  publisher={Public Library of Science}
}



@article{Dempster:55,
  title={Maintenance of genetic heterogeneity},
  author={Dempster, ER},
  journal={Cold Spring Harb Symp Quant Biol},
  volume={20},
  number={},
  pages={25--32},
  year={1955},
}

@article{kruuk2002antler,
  title={Antler size in red deer: heritability and selection but no evolution},
  author={Kruuk, Loeske EB and Slate, Jon and Pemberton, Josephine M and Brotherstone, Sue and Guinness, Fiona and Clutton-Brock, Tim},
  journal={Evolution},
  volume={56},
  number={8},
  pages={1683--1695},
  year={2002},
  publisher={Wiley Online Library}
}

@article{cousminer2013genome,
  title={Genome-wide association and longitudinal analyses reveal genetic loci linking pubertal height growth, pubertal timing and childhood adiposity},
  author={Cousminer, Diana L and Berry, Diane J and Timpson, Nicholas J and Ang, Wei and Thiering, Elisabeth and Byrne, Enda M and Taal, H Rob and Huikari, Ville and Bradfield, Jonathan P and Kerkhof, Marjan and others},
  journal={Human molecular genetics},
  volume={22},
  number={13},
  pages={2735--2747},
  year={2013},
  publisher={Oxford University Press}
}

@article{ayllon2015vgll3,
  title={The vgll3 locus controls age at maturity in wild and domesticated Atlantic salmon (Salmo salar L.) males},
  author={Ayllon, Fernando and Kj{\ae}rner-Semb, Erik and Furmanek, Tomasz and Wennevik, Vidar and Solberg, Monica F and Dahle, Geir and Taranger, Geir Lasse and Glover, Kevin A and Alm{\'e}n, Markus S{\"a}llman and Rubin, Carl J and others},
  journal={PLoS genetics},
  volume={11},
  number={11},
  pages={e1005628},
  year={2015},
  publisher={Public Library of Science}
}

@article{barson2015sex,
  title={Sex-dependent dominance at a single locus maintains variation in age at maturity in salmon},
  author={Barson, Nicola J and Aykanat, Tutku and Hindar, Kjetil and Baranski, Matthew and Bolstad, Geir H and Fiske, Peder and Jacq, C{\'e}leste and Jensen, Arne J and Johnston, Susan E and Karlsson, Sten and others},
  journal={Nature},
  volume={528},
  number={7582},
  pages={405},
  year={2015},
  publisher={Nature Publishing Group}
}

@article{queller1992quantitative,
  title={Quantitative genetics, inclusive fitness, and group selection},
  author={Queller, David C},
  journal={The American Naturalist},
  volume={139},
  number={3},
  pages={540--558},
  year={1992},
  publisher={University of Chicago Press}
}

@article{hamilton1964genetical2,
  title={The genetical evolution of social behaviour. II},
  author={Hamilton, William D},
  journal={Journal of theoretical biology},
  volume={7},
  number={1},
  pages={17--52},
  year={1964},
  publisher={Elsevier}
}

@article{hamilton1964genetical,
  title={The genetical evolution of social behaviour. II},
  author={Hamilton, William D},
  journal={Journal of theoretical biology},
  volume={7},
  number={1},
  pages={17--52},
  year={1964},
  publisher={Elsevier}
}

@article{pickrell2016detection,
  title={Detection and interpretation of shared genetic influences on 42 human traits},
  author={Pickrell, Joseph K and Berisa, Tomaz and Liu, Jimmy Z and S{\'e}gurel, Laure and Tung, Joyce Y and Hinds, David A},
  journal={Nature genetics},
  volume={48},
  number={7},
  pages={709},
  year={2016},
  publisher={Nature Publishing Group}
}

@article{locke2011,
  title={Comparative and demographic analysis of orang-utan genomes},
  author={Locke, Devin P and Hillier, LaDeana W and Warren, Wesley C and Worley, Kim C and Nazareth, Lynne V and Muzny, Donna M and Yang, Shiaw-Pyng and Wang, Zhengyuan and Chinwalla, Asif T and Minx, Pat and others},
  journal={Nature},
  volume={469},
  number={7331},
  pages={529},
  year={2011},
  publisher={Nature Publishing Group}
}

@article{leroy2020endemic,
  title={Endemic island songbirds as windows into evolution in small effective population sizes},
  author={Leroy, Thibault and Rousselle, Marjolaine and Tilak, Marie-Ka and Caizergues, Aude and Scornavacca, Celine and Carrasco, Maria Recuerda and Fuchs, Jerome and Illera, Juan Carlos and De Swardt, Dawie H and Thebaud, Christophe and others},
  journal={bioRxiv},
  year={2020},
  publisher={Cold Spring Harbor Laboratory}
}

@article{hudson1987test,
  title={A test of neutral molecular evolution based on nucleotide data},
  author={Hudson, Richard R and Kreitman, Martin and Aguad{\'e}, Montserrat},
  journal={Genetics},
  volume={116},
  number={1},
  pages={153--159},
  year={1987},
  publisher={Genetics Soc America}
}

@article{kornegay1994molecular,
  title={Molecular adaptation of a leaf-eating bird: stomach lysozyme of the hoatzin.},
  author={Kornegay, Janet R and Schilling, James W and Wilson, Allan C},
  journal={Molecular Biology and Evolution},
  volume={11},
  number={6},
  pages={921--928},
  year={1994}
}



@book{darwin1859,

  address = {London},
  author = {Darwin, Charles},
  keywords = {evolution},
  note = { or the Preservation of Favored Races in the Struggle for Life},
  publisher = {Murray},
  title = {On the Origin of Species by Means of Natural Selection},
  year = 1859
}




@article{kimura1964number,
  title={The number of alleles that can be maintained in a finite population},
  author={Kimura, Motoo and Crow, James F},
  journal={Genetics},
  volume={49},
  number={4},
  pages={725},
  year={1964},
  publisher={Genetics Society of America}
}

@article{voight2005interrogating,
  title={Interrogating multiple aspects of variation in a full resequencing data set to infer human population size changes},
  author={Voight, Benjamin F and Adams, Alison M and Frisse, Linda A and Qian, Yudong and Hudson, Richard R and Di Rienzo, Anna},
  journal={Proceedings of the National Academy of Sciences},
  volume={102},
  number={51},
  pages={18508--18513},
  year={2005},
  publisher={National Acad Sciences}
}

@article{charlesworth:09,
  title={Effective population size and patterns of molecular evolution and variation},
  author={Charlesworth, Brian},
  journal={Nature Reviews Genetics},
  volume={10},
  number={3},
  pages={195},
  year={2009},
  publisher={Nature Publishing Group}
}

@article{janicke:16,
  title={Darwinian sex roles confirmed across the animal kingdom},
  author={Janicke, Tim and H{\"a}derer, Ines K and Lajeunesse, Marc J and Anthes, Nils},
  journal={Science advances},
  volume={2},
  number={2},
  pages={e1500983},
  year={2016},
  publisher={American Association for the Advancement of Science}
}

@article{rands:14,
  title={8.2\% of the human genome is constrained: variation in rates of turnover across functional element classes in the human lineage},
  author={Rands, Chris M and Meader, Stephen and Ponting, Chris P and Lunter, Gerton},
  journal={PLoS genetics},
  volume={10},
  number={7},
  pages={e1004525},
  year={2014},
  publisher={Public Library of Science}
}


@book{kimura:83,
  title={The neutral theory of molecular evolution},
  author={Kimura, Motoo},
  year={1983},
  publisher={Cambridge University Press}
}

@article{king:69,
  title={Non-darwinian evolution},
  author={King, Jack Lester and Jukes, Thomas H},
  journal={Science},
  volume={164},
  number={3881},
  pages={788--798},
  year={1969}
}

@article{kimura:68,
  title={Evolutionary rate at the molecular level},
  author={Kimura, Motoo},
  journal={Nature},
  volume={217},
  number={5129},
  pages={624--626},
  year={1968}
}


@article{li:08,
  title={Worldwide human relationships inferred from genome-wide patterns of variation},
  author={Li, Jun Z and Absher, Devin M and Tang, Hua and Southwick, Audrey M and Casto, Amanda M and Ramachandran, Sohini and Cann, Howard M and Barsh, Gregory S and Feldman, Marcus and Cavalli-Sforza, Luigi L and others},
  journal={science},
  volume={319},
  number={5866},
  pages={1100--1104},
  year={2008},
  publisher={American Association for the Advancement of Science}
}

@article{rosenberg:02,
  title={Genetic structure of human populations},
  author={Rosenberg, Noah A and Pritchard, Jonathan K and Weber, James L and Cann, Howard M and Kidd, Kenneth K and Zhivotovsky, Lev A and Feldman, Marcus W},
  journal={science},
  volume={298},
  number={5602},
  pages={2381--2385},
  year={2002},
  publisher={American Association for the Advancement of Science}
}

@article{lawson:18,
  title={A tutorial on how not to over-interpret STRUCTURE and ADMIXTURE bar plots},
  author={Lawson, Daniel J and Van Dorp, Lucy and Falush, Daniel},
  journal={Nature communications},
  volume={9},
  number={1},
  pages={3258},
  year={2018},
  publisher={Nature Publishing Group}
}

@article{alvarez:09,
  title={The role of inbreeding in the extinction of a European royal dynasty},
  author={Alvarez, Gonzalo and Ceballos, Francisco C and Quinteiro, Celsa},
  journal={PLoS One},
  volume={4},
  number={4},
  pages={e5174},
  year={2009},
  publisher={Public Library of Science}
}

@article{jukema2006permanent,
  title={Permanent female mimics in a lekking shorebird},
  author={Jukema, Joop and Piersma, Theunis},
  journal={Biology letters},
  volume={2},
  number={2},
  pages={161--164},
  year={2006},
  publisher={The Royal Society}
}

@article{widemo1998alternative,
  title={Alternative reproductive strategies in the ruff, Philomachus pugnax: a mixed ESS?},
  author={Widemo, Fredrik},
  journal={Animal Behaviour},
  volume={56},
  number={2},
  pages={329--336},
  year={1998},
  publisher={Academic Press}
}



@article{sattath2011pervasive,
  title={Pervasive adaptive protein evolution apparent in diversity patterns around amino acid substitutions in Drosophila simulans},
  author={Sattath, Shmuel and Elyashiv, Eyal and Kolodny, Oren and Rinott, Yosef and Sella, Guy},
  journal={PLoS genetics},
  volume={7},
  number={2},
  pages={e1001302},
  year={2011},
  publisher={Public Library of Science}
}

@article{elyashiv2016genomic,
  title={A genomic map of the effects of linked selection in Drosophila},
  author={Elyashiv, Eyal and Sattath, Shmuel and Hu, Tina T and Strutsovsky, Alon and McVicker, Graham and Andolfatto, Peter and Coop, Graham and Sella, Guy},
  journal={PLoS genetics},
  volume={12},
  number={8},
  pages={e1006130},
  year={2016},
  publisher={Public Library of Science}
}

@article{wiehe1993analysis,
  title={Analysis of a genetic hitchhiking model, and its application to DNA polymorphism data from Drosophila melanogaster.},
  author={Wiehe, TH and Stephan, Wolfgang},
  journal={Molecular Biology and Evolution},
  volume={10},
  number={4},
  pages={842--854},
  year={1993}
}

@Article{Mcvicker:09,
   Author="McVicker, G.  and Gordon, D.  and Davis, C.  and Green, P. ",
   Title="{{W}idespread genomic signatures of natural selection in hominid evolution}",
   Journal="PLoS Genet.",
   Year="2009",
   Volume="5",
   Pages="e1000471",
   OPTMonth="May"
}



@article{kupper2016supergene,
  title={A supergene determines highly divergent male reproductive morphs in the ruff},
  author={K{\"u}pper, Clemens and Stocks, Michael and Risse, Judith E and dos Remedios, Natalie and Farrell, Lindsay L and McRae, Susan B and Morgan, Tawna C and Karlionova, Natalia and Pinchuk, Pavel and Verkuil, Yvonne I and others},
  journal={Nature Genetics},
  volume={48},
  number={1},
  pages={79},
  year={2016},
  publisher={Nature Publishing Group}
}

@article{lamichhaney2016structural,
  title={Structural genomic changes underlie alternative reproductive strategies in the ruff (Philomachus pugnax)},
  author={Lamichhaney, Sangeet and Fan, Guangyi and Widemo, Fredrik and Gunnarsson, Ulrika and Thalmann, Doreen Schwochow and Hoeppner, Marc P and Kerje, Susanne and Gustafson, Ulla and Shi, Chengcheng and Zhang, He and others},
  journal={Nature Genetics},
  volume={48},
  number={1},
  pages={84},
  year={2016},
  publisher={Nature Publishing Group}
}

@article{sams2018fine,
  title={Fine-Scale Resolution of Runs of Homozygosity Reveal Patterns of Inbreeding and Substantial Overlap with Recessive Disease Genotypes in Domestic Dogs},
  author={Sams, Aaron J and Boyko, Adam R},
  journal={G3: Genes, Genomes, Genetics},
  pages={g3--200836},
  year={2018},
  publisher={G3: Genes, Genomes, Genetics}
}

@article {Sams:18,
	author = {Sams, Aaron J and Boyko, Adam R},
	title = {Fine-scale resolution and analysis of runs of homozygosity in domestic dogs},
	year = {2018},
	doi = {10.1101/315770},
	publisher = {Cold Spring Harbor Laboratory},
	abstract = {Inbreeding and consanguinity leave distinct genomic traces, most notably long genomic tracts that are identical by descent and completely homozygous. These runs of homozygosity (ROH) can contribute to inbreeding depression if they contain deleterious variants that are fully or partially recessive. Several lines of evidence have been used to show that long (\&gt; 5 megabase (Mb)) ROH are disproportionately likely to harbor deleterious variation, but the extent to which long versus short tracts contribute to autozygosity at loci known to be deleterious and recessive has not been studied. In domestic dogs, nearly 200 mutations are known to cause recessive diseases, most of which can be efficiently assayed using SNP arrays. By examining genome-wide data from over 200,000 markers, including 150 recessive disease variants, we built high-resolution ROH density maps for nearly 2,500 dogs, recording ROH down to 500 kilobases. We observed over 500 homozygous deleterious recessive genotypes in the panel, 90\% of which overlapped with ROH inferred by GERMLINE. Although most of these genotypes were contained in ROH over 5 Mb in length, 14\% were contained in short (0.5 - 2.5 Mb) tracts, a significant enrichment compared to the genetic background, suggesting that even short tracts are useful for computing inbreeding metrics like the coefficient of inbreeding estimated from ROH (FROH). In our dataset, FROH differed significantly both within and among dog breeds. All breeds harbored some regions of reduced genetic diversity due to drift or selective sweeps, but the degree of inbreeding and the proportion of inbreeding caused by short versus long tracts differed between breeds, reflecting their different population histories. Although only available for a few species, large genome-wide datasets including recessive disease variants hold particular promise not only for disentangling the genetic architecture of inbreeding depression, but also evaluating and improving upon current approaches for detecting ROH.},
	URL = {https://www.biorxiv.org/content/early/2018/05/07/315770},
	eprint = {https://www.biorxiv.org/content/early/2018/05/07/315770.full.pdf},
	journal = {bioRxiv}
}


@article{novembre:08,
  title={Interpreting principal component analyses of spatial population genetic variation},
  author={Novembre, John and Stephens, Matthew},
  journal={Nature genetics},
  volume={40},
  number={5},
  pages={646},
  year={2008},
  publisher={Nature Publishing Group}
}

@article{bradburd:16,
  title={A spatial framework for understanding population structure and admixture},
  author={Bradburd, Gideon S and Ralph, Peter L and Coop, Graham M},
  journal={PLoS genetics},
  volume={12},
  number={1},
  pages={e1005703},
  year={2016},
  publisher={Public Library of Science}
}

@article{alcaide:14,
  title={Genomic divergence in a ring species complex},
  author={Alcaide, Miguel and Scordato, Elizabeth SC and Price, Trevor D and Irwin, Darren E},
  journal={Nature},
  volume={511},
  number={7507},
  pages={83},
  year={2014},
  publisher={Nature Publishing Group}
}

@article{becquet:07,
  title={Genetic structure of chimpanzee populations},
  author={Becquet, Celine and Patterson, Nick and Stone, Anne C and Przeworski, Molly and Reich, David},
  journal={PLoS genetics},
  volume={3},
  number={4},
  pages={e66},
  year={2007},
  publisher={Public Library of Science}
}


@article{vonHoldt:11,
author = {vonHoldt, Bridgett M. and Pollinger, John P. and Earl, Dent A. and Knowles, James C. and Boyko, Adam R. and Parker, Heidi and Geffen, Eli and Pilot, Malgorzata and Jedrzejewski, Wlodzimierz and Jedrzejewska, Bogumila and Sidorovich, Vadim and Greco, Claudia and Randi, Ettore and Musiani, Marco and Kays, Roland and Bustamante, Carlos D. and Ostrander, Elaine A. and Novembre, John and Wayne, Robert K.}, 
title = {A genome-wide perspective on the evolutionary history of enigmatic wolf-like canids},
year = {2011}, 
doi = {10.1101/gr.116301.110}, 
URL = {http://genome.cshlp.org/content/early/2011/05/12/gr.116301.110.abstract}, 
eprint = {http://genome.cshlp.org/content/early/2011/05/12/gr.116301.110.full.pdf+html}, 
journal = {Genome Research} 
}

@article{lewontin:94,
author = "Lewontin, R. C.",
doi = "10.1214/ss/1177010492",
fjournal = "Statistical Science",
journal = "Statist. Sci.",
month = "05",
number = "2",
pages = "259--262",
publisher = "The Institute of Mathematical Statistics",
title = "[DNA Fingerprinting: A Review of the Controversy]: Comment: The Use of DNA Profiles in Forensic Contexts",
url = "https://doi.org/10.1214/ss/1177010492",
volume = "9",
year = "1994"
}


@article{chen:16,
title = "Genomic Consequences of Population Decline in the Endangered Florida Scrub-Jay",
journal = "Current Biology",
volume = "26",
number = "21",
pages = "2974 - 2979",
year = "2016",
issn = "0960-9822",
doi = "https://doi.org/10.1016/j.cub.2016.08.062",
url = "http://www.sciencedirect.com/science/article/pii/S0960982216310077",
author = "Nancy Chen and Elissa J. Cosgrove and Reed Bowman and John W. Fitzpatrick and Andrew G. Clark",
keywords = "habitat fragmentation, gene flow, inbreeding depression, population genetics, conservation genomics"
}

@article{Aguillon:17,
    author = {Aguillon, Stepfanie M. AND Fitzpatrick, John W. AND Bowman, Reed AND Schoech, Stephan J. AND Clark, Andrew G. AND Coop, Graham AND Chen, Nancy},
    journal = {PLOS Genetics},
    publisher = {Public Library of Science},
    title = {Deconstructing isolation-by-distance: The genomic consequences of limited dispersal},
    year = {2017},
    month = {08},
    volume = {13},
    url = {https://doi.org/10.1371/journal.pgen.1006911},
    pages = {1-27},
    abstract = {Author summary Dispersal is a fundamental component of the life history of most organisms and therefore influences many biological processes. Dispersal is particularly important in creating genetic structure on the landscape. We often observe a pattern of decreased genetic relatedness between individuals as geographic distances increases, or isolation-by-distance. This pattern is particularly pronounced in organisms with extremely short dispersal distances. Despite the ubiquity of isolation-by-distance patterns in nature, there are few examples that explicitly demonstrate how limited dispersal influences spatial genetic structure. Here we investigate the processes that result in spatial genetic structure using the Florida Scrub-Jay, a bird with extremely limited dispersal behavior and extensive genome-wide data. We take advantage of the long-term monitoring of a contiguous population of Florida Scrub-Jays, which has resulted in a detailed pedigree and measurements of dispersal for hundreds of individuals. We show how limited dispersal results in close genealogical relatives living closer together geographically, which generates a strong pattern of isolation-by-distance at an extremely small spatial scale (<10 km) in just a few generations. Given the detailed dispersal, pedigree, and genomic data, we can achieve a fairly complete understanding of how dispersal shapes patterns of genetic diversity over short spatial scales.},
    number = {8},
    doi = {10.1371/journal.pgen.1006911}
}

@article{algee:16,
  title={Individual identifiability predicts population identifiability in forensic microsatellite markers},
  author={Algee-Hewitt, Bridget FB and Edge, Michael D and Kim, Jaehee and Li, Jun Z and Rosenberg, Noah A},
  journal={Current Biology},
  volume={26},
  number={7},
  pages={935--942},
  year={2016},
  publisher={Elsevier}
}


@incollection{box:79,
  title={Robustness in the strategy of scientific model building},
  author={Box, George EP},
  booktitle={Robustness in statistics},
  pages={201--236},
  year={1979},
  publisher={Elsevier}
}

@article{Meredith:09,
    author = {Meredith, Robert W. AND Gatesy, John AND Murphy, William J. AND Ryder, Oliver A. AND Springer, Mark S.},
    journal = {PLOS Genetics},
    publisher = {Public Library of Science},
    title = {Molecular Decay of the Tooth Gene Enamelin (ENAM) Mirrors the Loss of Enamel in the Fossil Record of Placental Mammals},
    year = {2009},
    month = {09},
    volume = {5},
    url = {https://doi.org/10.1371/journal.pgen.1000634},
    pages = {1-12},
    abstract = {Author Summary Enamel is the hardest substance in the vertebrate body. One of the key proteins involved in enamel formation is enamelin. Most placental mammals have teeth that are capped with enamel, but there are also lineages without teeth (anteaters, pangolins, baleen whales) or with enamelless teeth (armadillos, sloths, aardvarks, pygmy and dwarf sperm whales). All toothless and enamelless mammals are descended from ancestral forms that possessed teeth with enamel. Given this ancestry, we predicted that mammalian species without teeth or with teeth that lack enamel would have copies of the gene that codes for the enamelin protein, but that the enamelin gene in these species would contain mutations that render it a nonfunctional pseudogene. To test this hypothesis, we sequenced most of the protein-coding region of the enamelin gene in all groups of placental mammals that lack teeth or have enamelless teeth. In every case, we discovered mutations in the enamelin gene that disrupt the proper reading frame that codes for the enamelin protein. Our results link evolutionary change at the molecular level to morphological change in the fossil record and also provide evidence for the enormous predictive power of Charles Darwin's theory of descent with modification.},
    number = {9},
    doi = {10.1371/journal.pgen.1000634}
}

@article {Wright:05,
	author = {Wright, Stephen I. and Bi, Irie Vroh and Schroeder, Steve G. and Yamasaki, Masanori and Doebley, John F. and McMullen, Michael D. and Gaut, Brandon S.},
	title = {The Effects of Artificial Selection on the Maize Genome},
	volume = {308},
	number = {5726},
	pages = {1310--1314},
	year = {2005},
	doi = {10.1126/science.1107891},
	publisher = {American Association for the Advancement of Science},
	abstract = {Domestication promotes rapid phenotypic evolution through artificial selection. We investigated the genetic history by which the wild grass teosinte (Zea mays ssp. parviglumis) was domesticated into modern maize (Z. mays ssp. mays). Analysis of single-nucleotide polymorphisms in 774 genes indicates that 2 to 4\% of these genes experienced artificial selection. The remaining genes retain evidence of a population bottleneck associated with domestication. Candidate selected genes with putative function in plant growth are clustered near quantitative trait loci that contribute to phenotypic differences between maize and teosinte. If we assume that our sample of genes is representative, \~{}1200 genes throughout the maize genome have been affected by artificial selection.},
	issn = {0036-8075},
	URL = {http://science.sciencemag.org/content/308/5726/1310},
	eprint = {http://science.sciencemag.org/content/308/5726/1310.full.pdf},
	journal = {Science}
}


@article{Hudson:15,
    author = {Hudson, Richard R.},
    journal = {PLOS ONE},
    publisher = {Public Library of Science},
    title = {A New Proof of the Expected Frequency Spectrum under the Standard Neutral Model},
    year = {2015},
    month = {07},
    volume = {10},
    url = {https://doi.org/10.1371/journal.pone.0118087},
    pages = {1-5},
    number = {7},
    doi = {10.1371/journal.pone.0118087}
}

@article{Sankararaman:12,
    author = {Sankararaman, Sriram AND Patterson, Nick AND Li, Heng AND Pääbo, Svante AND Reich, David},
    journal = {PLOS Genetics},
    publisher = {Public Library of Science},
    title = {The Date of Interbreeding between Neandertals and Modern Humans},
    year = {2012},
    month = {10},
    volume = {8},
    url = {https://doi.org/10.1371/journal.pgen.1002947},
    pages = {1-9},
    number = {10},
    doi = {10.1371/journal.pgen.1002947}
}

@article{Laurie:07,
    author = {Laurie, Cathy C AND Nickerson, Deborah A AND Anderson, Amy D AND Weir, Bruce S AND Livingston, Robert J AND Dean, Matthew D AND Smith, Kimberly L AND Schadt, Eric E AND Nachman, Michael W},
    journal = {PLOS Genetics},
    publisher = {Public Library of Science},
    title = {Linkage Disequilibrium in Wild Mice},
    year = {2007},
    month = {08},
    volume = {3},
    url = {https://doi.org/10.1371/journal.pgen.0030144},
    pages = {1-9},
    number = {8},
    doi = {10.1371/journal.pgen.0030144}
}


@article{jain1966evolutionary,
  title={Evolutionary divergence among adjacent plant populations I. The evidence and its theoretical analysis},
  author={Jain, SK and Bradshaw, ANDA D},
  journal={Heredity},
  volume={21},
  number={3},
  pages={407},
  year={1966},
  publisher={Nature Publishing Group}
}

@article{jennings:05,
  title={Speciational history of Australian grass finches (Poephila) inferred from thirty gene trees},
  author={Jennings, W Bryan and Edwards, Scott V},
  journal={Evolution},
  volume={59},
  number={9},
  pages={2033--2047},
  year={2005},
  publisher={Wiley Online Library}
}

@article{turelli2001stable,
  title={Stable two-allele polymorphisms maintained by fluctuating fitnesses and seed banks: protecting the blues in Linanthus parryae},
  author={Turelli, Michael and Schemske, Douglas W and Bierzychudek, Paulette},
  journal={Evolution},
  volume={55},
  number={7},
  pages={1283--1298},
  year={2001},
  publisher={Wiley Online Library}
}

@article{schemske2001perspective,
  title={Perspective: evolution of flower color in the desert annual Linanthus parryae: Wright revisited},
  author={Schemske, Douglas W and Bierzychudek, Paulette},
  journal={Evolution},
  volume={55},
  number={7},
  pages={1269--1282},
  year={2001},
  publisher={Wiley Online Library}
}


@article{paaby:14,
  title={A highly pleiotropic amino acid polymorphism in the Drosophila insulin receptor contributes to life-history adaptation},
  author={Paaby, Annalise B and Bergland, Alan O and Behrman, Emily L and Schmidt, Paul S},
  journal={Evolution},
  volume={68},
  number={12},
  pages={3395--3409},
  year={2014},
  publisher={Wiley Online Library}
}


@article{wright:46,
  title={Genetics of natural populations. XII. Experimental reproduction of some of the changes caused by natural selection in certain populations of Drosophila pseudoobscura},
  author={Wright, Sewall and Dobzhansky, Theodosius},
  journal={Genetics},
  volume={31},
  number={2},
  pages={125},
  year={1946},
  publisher={Genetics Society of America}
}


@article{richards:00,
  title={Inbreeding depression and genetic rescue in a plant metapopulation},
  author={Richards, Christopher M},
  journal={The American Naturalist},
  volume={155},
  number={3},
  pages={383--394},
  year={2000},
  publisher={The University of Chicago Press}
}



@article{Haldane:37,
author = {Haldane, J. B. S.},
title = {The Effect of Variation of Fitness},
journal = {The American Naturalist},
volume = {71},
number = {735},
pages = {337-349},
year = {1937},
doi = {10.1086/280722},

URL = { 
        https://doi.org/10.1086/280722
    
},
eprint = { 
        https://doi.org/10.1086/280722
    
}
,
    abstract = { In a species in equilibrium variation is mainly due to two causes. Some deleterious genes are being weeded out by selection at the same rate as they are produced by mutation. Others are preserved because the heterozygous form is fitter than either homozygote. In the former case the loss of fitness in the species is roughly equal to the sum of all mutation rates and is probably of the order of 5 per cent. It is suggested that this loss of fitness is the price paid by a species for its capacity for further evolution. }
}




@article{darwin:1876,
  title={The effect of cross and self fertilization in the vegetable kingdom: Murray},
  author={Darwin, Charles},
  journal={London, UK},
  year={1876}
}


@article{lek:16,
  title={Analysis of protein-coding genetic variation in 60,706 humans},
  author={Lek, Monkol and Karczewski, Konrad J and Minikel, Eric V and Samocha, Kaitlin E and Banks, Eric and Fennell, Timothy and O'Donnell-Luria, Anne H and Ware, James S and Hill, Andrew J and Cummings, Beryl B and others},
  journal={Nature},
  volume={536},
  number={7616},
  pages={285},
  year={2016},
  publisher={Nature Publishing Group}
}


@article{macarthur:12,
  title={A systematic survey of loss-of-function variants in human protein-coding genes},
  author={MacArthur, Daniel G and Balasubramanian, Suganthi and Frankish, Adam and Huang, Ni and Morris, James and Walter, Klaudia and Jostins, Luke and Habegger, Lukas and Pickrell, Joseph K and Montgomery, Stephen B and others},
  journal={Science},
  volume={335},
  number={6070},
  pages={823--828},
  year={2012},
  publisher={American Association for the Advancement of Science}
}


@article{francioli:14,
  title={Whole-genome sequence variation, population structure and demographic history of the Dutch population},
  author={Francioli, Laurent C and Menelaou, Androniki and Pulit, Sara L and Van Dijk, Freerk and Palamara, Pier Francesco and Elbers, Clara C and Neerincx, Pieter BT and Ye, Kai and Guryev, Victor and Kloosterman, Wigard P and others},
  journal={Nature genetics},
  volume={46},
  number={8},
  pages={818},
  year={2014},
  publisher={Nature Publishing Group}
}


@article{Toews:16,
title = "Plumage Genes and Little Else Distinguish the Genomes of Hybridizing Warblers",
journal = "Current Biology",
volume = "26",
number = "17",
pages = "2313 - 2318",
year = "2016",
issn = "0960-9822",
doi = "https://doi.org/10.1016/j.cub.2016.06.034",
url = "http://www.sciencedirect.com/science/article/pii/S096098221630673X",
author = "David P.L. Toews and Scott A. Taylor and Rachel Vallender and Alan Brelsford and Bronwyn G. Butcher and Philipp W. Messer and Irby J. Lovette"
}


%Crew B. (2013). In North American katydids, green isn’t the dominant colour, pink is. Scientific American Blog Network. (3 September 2015).
@Misc{Crew:13,
  OPTkey = 	 {}, 
  OPTauthor = 	 {Crew, B.},
  title = 	 {In North American katydids, green isn’t the dominant colour, pink is.},
  howpublished = {Scientific American Blog Network.},
 URL = {https://blogs.scientificamerican.com/running-ponies/in-north-american-katydids-green-isne28099t-the-dominant-colour-pink-is/},
  OPTmonth = 	 {},
  year = 	 {2013},
  OPTnote = 	 {},
  OPTannote = 	 {}
}

@article{Wheeler:07,
 ISSN = {00030147, 15375323},
 URL = {http://www.jstor.org/stable/2454781},
 author = {William Morton Wheeler},
 journal = {The American Naturalist},
 number = {492},
 pages = {773--780},
 publisher = {[University of Chicago Press, American Society of Naturalists]},
 title = {Pink Insect Mutants},
 volume = {41},
 year = {1907}
}




@article {Barrett:08,
	author = {Barrett, Rowan D. H. and Rogers, Sean M. and Schluter, Dolph},
	title = {Natural Selection on a Major Armor Gene in Threespine Stickleback},
	volume = {322},
	number = {5899},
	pages = {255--257},
	year = {2008},
	doi = {10.1126/science.1159978},
	publisher = {American Association for the Advancement of Science},
	abstract = {Experimental estimates of the effects of selection on genes determining adaptive traits add to our understanding of the mechanisms of evolution. We measured selection on genotypes of the Ectodysplasin locus, which underlie differences in lateral plates in threespine stickleback fish. A derived allele (low) causing reduced plate number has been fixed repeatedly after marine stickleback colonized freshwater from the sea, where the ancestral allele (complete) predominates. We transplanted marine sticklebacks carrying both alleles to freshwater ponds and tracked genotype frequencies over a generation. The low allele increased in frequency once lateral plates developed, most likely via a growth advantage. Opposing selection at the larval stage and changing dominance for fitness throughout life suggest either that the gene affects additional traits undergoing selection or that linked loci also are affecting fitness.},
	issn = {0036-8075},
	URL = {http://science.sciencemag.org/content/322/5899/255},
	eprint = {http://science.sciencemag.org/content/322/5899/255.full.pdf},
	journal = {Science}
}


@article{houde:94,
  title={Effect of artificial selection on male colour patterns on mating preference of female guppies},
  author={Houde, Anne E},
  journal={Proc. R. Soc. Lond. B},
  volume={256},
  number={1346},
  pages={125--130},
  year={1994},
  publisher={The Royal Society}
}


@article {Allendorf:09,
	author = {Allendorf, Fred W. and Hard, Jeffrey J.},
	title = {Human-induced evolution caused by unnatural selection through harvest of wild animals},
	volume = {106},
	number = {Supplement 1},
	pages = {9987--9994},
	year = {2009},
	doi = {10.1073/pnas.0901069106},
	publisher = {National Academy of Sciences},
	issn = {0027-8424},
	URL = {http://www.pnas.org/content/106/Supplement_1/9987},
	eprint = {http://www.pnas.org/content/106/Supplement_1/9987.full.pdf},
	journal = {Proceedings of the National Academy of Sciences}
}



@article{haldane:42,
  title={The selective elimination of silver foxes in eastern Canada},
  author={Haldane, JBS},
  journal={Journal of Genetics},
  volume={44},
  number={2-3},
  pages={296--304},
  year={1942},
  publisher={Springer}
}


%%%%foxes data from Haldane 1942
@Book{elton:42,
  author = 	 {Elton, Charles},
  OPTeditor = 	 {},
  title = 	 {Voles, mice and lemmings. Problems in population dynamics.},
  publisher = 	 {Oxford: Clarendon Press},
  year = 	 {1942},
  OPTkey = 	 {},
  OPTvolume = 	 {},
  OPTnumber = 	 {},
  OPTseries = 	 {},
  OPTaddress = 	 {},
  OPTedition = 	 {},
  OPTmonth = 	 {},
  OPTnote = 	 {},
  OPTannote = 	 {}
}

@article{tajima:89,
  title={Statistical method for testing the neutral mutation hypothesis by DNA polymorphism.},
  author={Tajima, Fumio},
  journal={Genetics},
  volume={123},
  number={3},
  pages={585--595},
  year={1989},
  publisher={Genetics Soc America}
}


@article{nelson:12,
  title={An abundance of rare functional variants in 202 drug target genes sequenced in 14,002 people},
  author={Nelson, Matthew R and Wegmann, Daniel and Ehm, Margaret G and Kessner, Darren and Jean, Pamela St and Verzilli, Claudio and Shen, Judong and Tang, Zhengzheng and Bacanu, Silviu-Alin and Fraser, Dana and others},
  journal={Science},
  pages={1217876},
  year={2012},
  publisher={American Association for the Advancement of Science}
}

@Article{Cai:09,
   Author="Cai, J. J.  and Macpherson, J. M.  and Sella, G.  and Petrov, D. A. ",
   Title="{{P}ervasive hitchhiking at coding and regulatory sites in humans}",
   Journal="PLoS Genet.",
   Year="2009",
   Volume="5",
   Pages="e1000336",
   OPTMonth="Jan"
}


@Article{Stephan:92,
  author = 	 {Stephan, W. and Wiehe, T.H.E. and Lenz, M.W. },
  title = 	 {The effect of strongly selected substitutions on neutral polymorphism: analytical results based on diffusion theory.},
  journal = 	 {Theor. Popul. Biol.},
  year = 	 {1992},
  OPTkey = 	 {},
  volume = 	 {41},
  OPTnumber = 	 {},
  pages = 	 {237--254},
  OPTmonth = 	 {},
  OPTnote = 	 {},
  OPTannote = 	 {}
}

@Article{Santiago:98,
   Author="Santiago, E.  and Caballero, A. ",
   Title="{{E}ffective size and polymorphism of linked neutral loci in populations under directional selection}",
   Journal="Genetics",
   Year="1998",
   Volume="149",
   Pages="2105--2117",
   OPTMonth="Aug"
}




@Article{Santiago:95,
   Author="Santiago, E.  and Caballero, A. ",
   Title="{{E}ffective size of populations under selection}",
   Journal="Genetics",
   Year="1995",
   Volume="139",
   Pages="1013--1030",
   OPTMonth="Feb"
}

@Article{Przeworski:02,
   Author="Przeworski, M. ",
   Title="{{T}he signature of positive selection at randomly chosen loci}",
   Journal="Genetics",
   Year="2002",
   Volume="160",
   Pages="1179--1189",
   OPTMonth="Mar"
}


@Article{Hudson:95b,
   Author="Hudson, R. R.  and Kaplan, N. L. ",
   Title="{{D}eleterious background selection with recombination}",
   Journal="Genetics",
   Year="1995",
   Volume="141",
   Pages="1605--1617",
   OPTMonth="Dec"
}


@Article{Shapiro:07,
   Author="Shapiro, J. A.  and Huang, W.  and Zhang, C.  and Hubisz, M. J.  and Lu, J.  and Turissini, D. A.  and Fang, S.  and Wang, H. Y.  and Hudson, R. R.  and Nielsen, R.  and Chen, Z.  and Wu, C. I. ",
   Title="{{A}daptive genic evolution in the {\it {D}rosophila} genomes}",
   Journal="Proc. Natl. Acad. Sci. U.S.A.",
   Year="2007",
   Volume="104",
   Pages="2271--2276",
   OPTMonth="Feb"
}



@Article{Wiehe:93,
   Author="Wiehe, T. H.  and Stephan, W. ",
   Title="{{A}nalysis of a genetic hitchhiking model, and its application to {D}{N}{A} polymorphism data from {\it {D}rosophila melanogaster}}",
   Journal="Mol. Biol. Evol.",
   Year="1993",
   Volume="10",
   Pages="842--854",
   OPTMonth="Jul"
}



@Article{Fay:00,
   Author="Fay, J. C.  and Wu, C. I. ",
   Title="{{H}itchhiking under positive {D}arwinian selection}",
   Journal="Genetics",
   Year="2000",
   Volume="155",
   Pages="1405--1413",
   OPTMonth="Jul"
}



@Article{Robertson:61,
  author = 	 {Robertson, A.},
  title = 	 { Inbreeding in artificial selection programmes.},
  journal = 	 {Genet. Res.},
  year = 	 {1961},
  OPTkey = 	 {},
  volume = 	 {2},
  OPTnumber = 	 {},
  pages = 	 {189–-194},
  OPTmonth = 	 {},
  OPTnote = 	 {},
  OPTannote = 	 {}
}


@article{brandvain:14,
  title={Speciation and introgression between Mimulus nasutus and Mimulus guttatus},
  author={Brandvain, Yaniv and Kenney, Amanda M and Flagel, Lex and Coop, Graham and Sweigart, Andrea L},
  journal={PLoS Genetics},
  volume={10},
  number={6},
  pages={e1004410},
  year={2014},
  publisher={Public Library of Science}
}

@Article{Gordo:02,
   Author="Gordo, I.  and Navarro, A.  and Charlesworth, B. ",
   Title="{{M}uller's ratchet and the pattern of variation at a neutral locus}",
   Journal="Genetics",
   Year="2002",
   Volume="161",
   Pages="835--848",
   OPTMonth="Jun"
}

@Article{Charlesworth:95,
   Author="Charlesworth, D.  and Charlesworth, B.  and Morgan, M. T. ",
   Title="{{T}he pattern of neutral molecular variation under the background selection model}",
   Journal="Genetics",
   Year="1995",
   Volume="141",
   Pages="1619--1632",
   OPTMonth="Dec"
} 

@article{Braverman:95,
   Author="Braverman, J. M.  and Hudson, R. R.  and Kaplan, N. L.  and Langley, C. H.  and Stephan, W. ",
   Title="{{T}he hitchhiking effect on the site frequency spectrum of {D}{N}{A} polymorphisms}",
   Journal="Genetics",
   Year="1995",
   Volume="140",
   Pages="783--796",
   OPTMonth="Jun"
}


@Article{Hudson:95,
   Author="Hudson, R. R.  and Kaplan, N. L. ",
   Title="{{T}he coalescent process and background selection}",
   Journal="Philos. Trans. R. Soc. Lond., B, Biol. Sci.",
   Year="1995",
   Volume="349",
   Pages="19--23",
   OPTMonth="Jul"
}

@Article{Nordborg:96,
   Author="Nordborg, M. and Charlesworth, B. and Charlesworth, D.",
   Title="{{T}he effect of recombination on background selection}",
   Journal="Genet. Res.",
   Year="1996",
   Volume="67",
   Pages="159--174",
   OPTMonth="Apr"
}

@Article{Charlesworth:97,
   Author="Charlesworth, B. and Nordborg, M. and Charlesworth, D.",
   Title="{{T}he effects of local selection, balanced polymorphism and background selection on equilibrium patterns of genetic diversity in subdivided populations}",
   Journal="Genet. Res.",
   Year="1997",
   Volume="70",
   Pages="155--174",
   OPTMonth="Oct"
}

@Article{Gillespie:00,
   Author="Gillespie, J. H. ",
   Title="{{G}enetic drift in an infinite population. {T}he pseudohitchhiking model}",
   Journal="Genetics",
   Year="2000",
   Volume="155",
   Pages="909--919",
   OPTMonth="Jun"
}

@Article{Kaplan:89,
   Author="Kaplan, N. L.  and Hudson, R. R.  and Langley, C. H. ",
   Title={The hitchhiking effect revisited},
   Journal="Genetics",
   Year="1989",
   Volume="123",
   Pages="887--899",
   OPTMonth="Dec"
}

@Book{Lewontin:74,
  author = 	 {Lewontin, R. C.},
  ALTeditor = 	 {},
  title = 	 { The Genetic Basis of Evolutionary Change.},
  publisher = 	 {Columbia University Press, New York.},
  year = 	 {1974},
  OPTkey = 	 {},
  OPTvolume = 	 {},
  OPTnumber = 	 {},
  OPTseries = 	 {},
  OPTaddress = 	 {},
  OPTedition = 	 {},
  OPTmonth = 	 {},
  OPTnote = 	 {},
  OPTannote = 	 {}
}

@article{lush1943animal,
  title={Animal breeding plans.},
  author={Lush, Jay Laurence},
  journal={Animal breeding plans.},
  number={Edn 2},
  year={1943},
  publisher={Iowa State College Press.}
}

@article{figueiro2017genome,
  title={Genome-wide signatures of complex introgression and adaptive evolution in the big cats},
  author={Figueir{\'o}, Henrique V and Li, Gang and Trindade, Fernanda J and Assis, Juliana and Pais, Fabiano and Fernandes, Gabriel and Santos, Sarah HD and Hughes, Graham M and Komissarov, Aleksey and Antunes, Agostinho and others},
  journal={Science advances},
  volume={3},
  number={7},
  pages={e1700299},
  year={2017},
  publisher={American Association for the Advancement of Science}
}


@article{gulick1873diversity,
  title={On diversity of evolution under one set of external conditions.},
  author={Gulick, John T},
  journal={Journal of the Linnean Society of London, Zoology},
  volume={11},
  number={56},
  pages={496--505},
  year={1873},
  publisher={Oxford University Press}
}

@Book{Hagedoorn,
  author = 	 {Hagedoorn, A. L. and Hagedoorn, A. C.},
  title = 	 {The relative value of the processes causing evolution},
  publisher = 	 {The Hague,M. Nijhoff},
  year = 	 {1921},
  OPTkey = 	 {},
  OPTvolume = 	 {},
  OPTnumber = 	 {},
  OPTseries = 	 {},
  OPTaddress = 	 {},
  OPTedition = 	 {},
  OPTmonth = 	 {},
  OPTnote = 	 {},
  OPTannote = 	 {}
}

@article{fisher1923xxi,
  title={On the dominance ratio},
  author={Fisher, Ronald A},
  journal={Proceedings of the royal society of Edinburgh},
  volume={42},
  pages={321--341},
  year={1923},
  publisher={Royal Society of Edinburgh Scotland Foundation}
}

@article{wright1931evolution,
  title={Evolution in Mendelian populations},
  author={Wright, Sewall},
  journal={Genetics},
  volume={16},
  number={2},
  pages={97},
  year={1931},
  publisher={Genetics Society of America}
}

@article{wahlund1928zusammensetzung,
  title={Zusammensetzung von Populationen und Korrelationserscheinungen vom Standpunkt der Vererbungslehre aus betrachtet},
  author={Wahlund, Sten},
  journal={Hereditas},
  volume={11},
  number={1},
  pages={65--106},
  year={1928},
  publisher={Wiley Online Library}
}

@book{hogben1933nature,
  title={Nature and Nurture (Being the William Withering Memorial Lectures)},
  author={Hogben, Lancelot},
  year={1933},
  publisher={George Allen and Unwin Limited, London}
}


@article{paul1984eugenics,
  title={Eugenics and the Left},
  author={Paul, Diane},
  journal={Journal of the History of Ideas},
  pages={567--590},
  year={1984},
  publisher={JSTOR}
} 


@article{leffler:12,
  title={Revisiting an old riddle: what determines genetic diversity levels within species?},
  author={Leffler, Ellen M and Bullaughey, Kevin and Matute, Daniel R and Meyer, Wynn K and Segurel, Laure and Venkat, Aarti and Andolfatto, Peter and Przeworski, Molly},
  journal={PLoS biology},
  volume={10},
  number={9},
  pages={e1001388},
  year={2012},
  publisher={Public Library of Science}
}



@article{wilkinson:93,
  title={Artificial sexual selection alters allometry in the stalk-eyed fly Cyrtodiopsis dalmanni (Diptera: Diopsidae)},
  author={Wilkinson, Gerald S},
  journal={Genetics Research},
  volume={62},
  number={3},
  pages={213--222},
  year={1993},
  publisher={Cambridge University Press}
}


@article{Messier:97,
  title={Episodic adaptive evolution of primate lysozymes},
  author={Messier, Walter and Stewart, Caro-Beth},
  journal={Nature},
  volume={385},
  number={6612},
  pages={151},
  year={1997},
  publisher={Nature Publishing Group}
}


@article{Yang:98,
author = {Yang, Z},
title = {Likelihood ratio tests for detecting positive selection and application to primate lysozyme evolution.},
journal = {Molecular Biology and Evolution},
volume = {15},
number = {5},
pages = {568-573},
year = {1998},
doi = {10.1093/oxfordjournals.molbev.a025957},
URL = {http://dx.doi.org/10.1093/oxfordjournals.molbev.a025957},
eprint = {/oup/backfile/content_public/journal/mbe/15/5/10.1093_oxfordjournals.molbev.a025957/1/mbev_15_05_0568.pdf}
}

@article{Wisely:02,
author = {Wisely, S. M. and Buskirk, S. W. and Fleming, M. A. and McDonald, D. B. and Ostrander, E. A.},
title = {Genetic Diversity and Fitness in Black-Footed Ferrets Before and During a Bottleneck},
journal = {Journal of Heredity},
volume = {93},
number = {4},
pages = {231-237},
year = {2002},
doi = {10.1093/jhered/93.4.231},
URL = {http://dx.doi.org/10.1093/jhered/93.4.231},
eprint = {/oup/backfile/content_public/journal/jhered/93/4/10.1093/jhered/93.4.231/2/231.pdf}
}

@article{RITLAND:01,
title = "Inheritance and population structure of the white-phased “Kermode” black bear",
journal = "Current Biology",
volume = "11",
number = "18",
pages = "1468 - 1472",
year = "2001",
issn = "0960-9822",
doi = "https://doi.org/10.1016/S0960-9822(01)00448-1",
url = "http://www.sciencedirect.com/science/article/pii/S0960982201004481",
author = "Kermit Ritland and Craig Newton and H.Dawn Marshall"
}



@article{wang:18,
  title={A major locus controls local adaptation and adaptive life history variation in a perennial plant},
  author={Wang, Jing and Ding, Jihua and Tan, Biyue and Robinson, Kathryn M and Michelson, Ingrid H and Johansson, Anna and Nystedt, Bj{\"o}rn and Scofield, Douglas G and Nilsson, Ove and Jansson, Stefan and others},
  journal={Genome biology},
  volume={19},
  number={1},
  pages={72},
  year={2018},
  publisher={BioMed Central}
}



@article{sturtevant:15,
  title={The behavior of the chromosomes as studied through linkage},
  author={Sturtevant, Alfred Henry},
  journal={Zeitschrift f{\"u}r induktive Abstammungs-und Vererbungslehre},
  volume={13},
  number={1},
  pages={234--287},
  year={1915},
  publisher={Springer}
}



@article{Johannsen:1911,
author = {Johannsen, W.},
title = {The Genotype Conception of Heredity},
journal = {The American Naturalist},
volume = {45},
number = {531},
pages = {129-159},
year = {1911},
doi = {10.1086/279202},

URL = { 
        https://doi.org/10.1086/279202  
},
eprint = { 
        https://doi.org/10.1086/279202    
}
}



@article{potti:11,
  title={Heritability and genetic correlation between the sexes in a songbird sexual ornament},
  author={Potti, Jaime and Canal, David},
  journal={Heredity},
  volume={106},
  number={6},
  pages={945},
  year={2011},
  publisher={Nature Publishing Group}
}


@article{galen:96,
  title={Rates of floral evolution: adaptation to bumblebee pollination in an alpine wildflower, Polemonium viscosum},
  author={Galen, Candace},
  journal={Evolution},
  volume={50},
  number={1},
  pages={120--125},
  year={1996},
  publisher={Wiley Online Library}
}


@article{lister:89,
  title={Rapid dwarfing of red deer on Jersey in the last interglacial},
  author={Lister, AM},
  journal={Nature},
  volume={342},
  number={6249},
  pages={539},
  year={1989},
  publisher={Nature Publishing Group}
}



@article{pritchard:00,
  title={Inference of population structure using multilocus genotype data},
  author={Pritchard, Jonathan K and Stephens, Matthew and Donnelly, Peter},
  journal={Genetics},
  volume={155},
  number={2},
  pages={945--959},
  year={2000},
  publisher={Genetics Soc America}
}


@article{lande:79,
  title={Quantitative genetic analysis of multivariate evolution, applied to brain: body size allometry},
  author={Lande, Russell},
  journal={Evolution},
  volume={33},
  number={1Part2},
  pages={402--416},
  year={1979},
  publisher={Wiley Online Library}
}


@article{robinson:16,
  title={Genomic flatlining in the endangered island fox},
  author={Robinson, Jacqueline A and Ortega-Del Vecchyo, Diego and Fan, Zhenxin and Kim, Bernard Y and Marsden, Clare D and Lohmueller, Kirk E and Wayne, Robert K and others},
  journal={Current Biology},
  volume={26},
  number={9},
  pages={1183--1189},
  year={2016},
  publisher={Elsevier}
}



@article{dickerson1971structure,
  title={The structure of cytochromec and the rates of molecular evolution},
  author={Dickerson, Richard E},
  journal={Journal of Molecular Evolution},
  volume={1},
  number={1},
  pages={26--45},
  year={1971},
  publisher={Springer}
}

@article{watterson:75,
  title={On the number of segregating sites in genetical models without recombination},
  author={Watterson, GA},
  journal={Theoretical population biology},
  volume={7},
  number={2},
  pages={256--276},
  year={1975},
  publisher={Elsevier}
}

@article{ohta1973slightly,
  title={Slightly deleterious mutant substitutions in evolution},
  author={Ohta, Tomoko},
  journal={Nature},
  volume={246},
  number={5428},
  pages={96},
  year={1973},
  publisher={Nature Publishing Group}
}

@incollection{zuckerkandl1965evolutionary,
  title={Evolutionary divergence and convergence in proteins},
  author={Zuckerkandl, Emile and Pauling, Linus},
  booktitle={Evolving genes and proteins},
  pages={97--166},
  year={1965},
  publisher={Elsevier}
}

@article{kimura1974some,
  title={On some principles governing molecular evolution},
  author={Kimura, Motoo and Ohta, Tomoko},
  journal={Proceedings of the National Academy of Sciences},
  volume={71},
  number={7},
  pages={2848--2852},
  year={1974},
  publisher={National Acad Sciences}
}

@article{ohta1996development,
  title={Development of neutral and nearly neutral theories},
  author={Ohta, Tomoko and Gillespie, John H},
  journal={Theoretical population biology},
  volume={49},
  number={2},
  pages={128--142},
  year={1996},
  publisher={Elsevier}
}

@article{ewens2016motoo,
  title={Motoo Kimura and James Crow on the Infinitely Many Alleles Model},
  author={Ewens, Warren J},
  journal={Genetics},
  volume={202},
  number={4},
  pages={1243--1245},
  year={2016},
  publisher={Genetics Soc America}
}

@phdthesis{cotterman:40,
  title={A calculus for statistico-genetics},
  author={Cotterman, Charles William},
  year={1940},
  school={The Ohio State University}
}

@article{malecot:48,
  title={Les math{\'e}matiques de l'h{\'e}r{\'e}dit{\'e}},
  author={Mal{\'e}cot, Gustave},
  year={1948},
  publisher={Masson, Paris}
}

@misc{malecot:69,
  title={The Mathematics of Heredity (Revised, edited and translated by Yermanos, DM)},
  author={Mal{\'e}cot, Gustave},
  year={1969},
  publisher={Freeman, San Francisco}
}



@article{patterson:06,
  title={Population structure and eigenanalysis},
  author={Patterson, Nick and Price, Alkes L and Reich, David},
  journal={PLoS genetics},
  volume={2},
  number={12},
  pages={e190},
  year={2006},
  publisher={Public Library of Science}
}


@article{menozzi:78,
  title={Synthetic maps of human gene frequencies in Europeans},
  author={Menozzi, Paolo and Piazza, Alberto and Cavalli-Sforza, L},
  journal={Science},
  volume={201},
  number={4358},
  pages={786--792},
  year={1978},
  publisher={American Association for the Advancement of Science}
}


@article{alexander:09,
  title={Fast model-based estimation of ancestry in unrelated individuals},
  author={Alexander, David H and Novembre, John and Lange, Kenneth},
  journal={Genome research},
  volume={19},
  number={9},
  pages={1655--1664},
  year={2009},
  publisher={Cold Spring Harbor Lab}
}


@book{provine:01,
  title={The origins of theoretical population genetics: with a new afterword},
  author={Provine, William B},
  year={2001},
  publisher={University of Chicago Press}
}


@article{Wright:49,
author = {Wright, Sewall},
title = {The Genetical Structure of Populations},
journal = {Annals of Eugenics},
volume = {15},
number = {1},
  year={1949},
pages = {323-354},
doi = {10.1111/j.1469-1809.1949.tb02451.x},
url = {https://onlinelibrary.wiley.com/doi/abs/10.1111/j.1469-1809.1949.tb02451.x},
eprint = {https://onlinelibrary.wiley.com/doi/pdf/10.1111/j.1469-1809.1949.tb02451.x},
}


@article {Wright:43,
	author = {Wright, Sewall},
	title = {Isolation by Distance},
	volume = {28},
	number = {2},
	pages = {114--138},
	year = {1943},
	publisher = {Genetics},
	issn = {0016-6731},
	URL = {http://www.genetics.org/content/28/2/114},
	eprint = {http://www.genetics.org/content/28/2/114.full.pdf},
	journal = {Genetics}
}


@article{mcdonald:91,
  title={Adaptive protein evolution at the Adh locus in Drosophila},
  author={McDonald, John H and Kreitman, Martin},
  journal={Nature},
  volume={351},
  number={6328},
  pages={652},
  year={1991},
  publisher={Nature Publishing Group}
}

@InBook{lewontin01,
  author = 	 {Lewontin, Richard C},
  editor = 	 {Singh et al},
  title = 	 {Thinking about evolution: historical, philosophical, and political perspectives},
  chapter = 	 {Natural History and Formalism in Evolutionary Genetics},
  publisher = 	 {Cambridge University Press},
  year = 	 {2001},
  OPTkey = 	 {},
  OPTvolume = 	 {},
  OPTnumber = 	 {},
  OPTseries = 	 {},
  OPTtype = 	 {},
  OPTaddress = 	 {},
  OPTedition = 	 {},
  OPTmonth = 	 {},
  pages = 	 {7--20},
  OPTnote = 	 {},
  OPTannote = 	 {}
}


@InBook{DobzhanskyBook,
  author = 	 {Dobzhansky,Th},
  ALTeditor = 	 {},
  title = 	 {Genetics and the Origin of Species},
  publisher = 	 {},
  year = 	 {1951},
  OPTkey = 	 {},
  OPTvolume = 	 {},
  OPTnumber = 	 {},
  OPTseries = 	 {},
  OPTaddress = 	 {},
  edition = 	 {3rd Ed.},
  OPTmonth = 	 {},
  pages = 	 {16},
  OPTnote = 	 {},
  OPTannote = 	 {}
}



